3232 5028
672 447 842 503 arctoum
1253 450 1312 512 109

122 541 165 582 sa.
185 539 288 582 oceane.
1279 533 1364 575 ereas
1379 534 1454 576 esee.

8 607 14 656 l
191 607 302 672 amicos
317 606 412 670 serios
427 611 610 688 aspernatur,
626 622 695 666 cum
709 601 934 668 adolescentulis
953 602 1208 684 postremissumis
1227 602 1303 664 inter

192 717 291 774 scorta
310 717 341 772 et
358 711 465 792 pocula
483 727 558 790 puer
576 708 634 772 hoc
653 707 718 770 aeui
733 695 905 770 conuiuium
921 705 1018 785 agitat.
1052 705 1115 786 ipsc
1135 704 1217 767 domi
1235 712 1303 766 tuae

193 819 301 890 rector,
316 814 379 894 ipse
393 812 520 876 familiae
536 811 684 884 dominns,
699 810 763 890 ipse
778 809 917 890 magister
930 807 1074 870 conuiuii:
1096 807 1211 870 inludo
1226 825 1302 888 quo·-

122 937 181 991 (xoe)
196 935 253 997 que
268 915 437 996 gladiatorio
452 916 592 995 frequens
607 913 723 988 uisitur,
739 911 860 975 nomina
877 911 1073 992 gladiatorum
1094 917 1123 972 ct
1141 928 1256 990 pugnas
1274 916 1303 972 et

156 1035 172 1084 5
194 1020 320 1082 uulnere
331 1021 417 1101 plane
431 1018 550 1102 quidem
564 1023 599 1078 ut
612 1016 756 1078 honestus
771 1033 845 1096 puer
859 1013 895 1076 ab
909 1013 976 1094 ipso
987 1013 1092 1075 lanista
1105 1012 1241 1094 docetur:
1256 1014 1303 1074 lo-

195 1123 294 1202 quitur
307 1139 461 1201 nunquam
475 1120 532 1182 nisi
543 1118 653 1181 Punice
668 1117 738 1180 etsi
753 1116 823 1198 quid
838 1116 933 1180 adbuc
947 1135 964 1177 a
978 1123 1072 1191 matre
1087 1115 1258 1196 graeciscam
1274 1127 1304 1178 ot

83 1255 85 1258 ·
194 1225 273 1286 euim
287 1225 389 1286 Latine
403 1222 485 1304 loqui
499 1239 595 1302 ucque
610 1221 675 1283 uult
688 1239 784 1301 neque
798 1227 906 1302 potest.
936 1219 1052 1294 audisti,
1066 1219 1199 1295 Maxime,
1215 1220 1302 1300 pardo

194 1334 270 1403 aute,
290 1323 299 1411 Ι·
314 1326 478 1408 pronefas,
493 1316 665 1406 priuignum
679 1342 790 1398 meum,
805 1324 927 1386 fratrem
941 1321 1088 1398 Pontiani,
1104 1321 1205 1399 diserti
1219 1321 1304 1383 iuue-

184 1431 252 1504 nis,
267 1428 462 1514 uirsingedm
478 1427 602 1510 syllabas
616 1425 858 1505 fringultientem,
874 1443 942 1488 cum
957 1423 993 1488 ab
1009 1443 1044 1487 eo
1061 1442 1226 1505 quaereres,
1248 1425 1312 1502 dor

141 1545 172 1595 ro
193 1538 331 1594 uassctne
346 1531 402 1592 illis
416 1515 520 1606 mater,
537 1547 612 1610 quac
626 1547 680 1608 ego
695 1528 828 1590 dicebam
841 1547 889 1590 me
904 1527 1181 1601 adnitentedonata.

8 1655 9 1738 p
279 1633 386 1694 Testor
405 1631 495 1711 igitur
512 1639 551 1708 te,
566 1631 679 1720 ¹Claudi
692 1630 816 1692 Maxime
834 1649 948 1718 uosque
968 1629 1068 1711 quiin
1086 1628 1209 1691 consilio
1229 1627 1299 1690 estis
1308 1631 1503 1687 Lxxxxvuu

8 1745 9 1756 ¹
194 1753 308 1815 uosque
324 1734 410 1796 etiam
425 1733 476 1812 qui
486 1733 615 1796 tribunal
625 1753 744 1796 mecum
755 1732 905 1807 adsistitis,
919 1733 992 1796 hacc
1003 1732 1110 1794 damna
1121 1738 1150 1792 et
1161 1730 1304 1794 dedecora
1328 1756 1330 1759 ·

196 1855 315 1900 morum
330 1836 393 1898 eius
408 1843 514 1916 patruo
529 1836 598 1900 huic
612 1842 642 1898 et
661 1831 815 1899 candidato
834 1835 884 1898 illo
905 1852 1009 1897 socero
1029 1832 1216 1912 adsignanda,
1238 1851 1302 1918 me7

195 1959 252 2020 que
271 1940 395 2020 posthac
414 1938 486 2000 boni
505 1941 723 2013 consulturum,
750 1938 830 2020 quod
848 1938 915 2000 talis
939 1936 1093 2018 priuignus
1115 1953 1202 1998 curae
1221 1953 1303 1996 meae

143 2055 175 2105 te
194 2042 296 2121 iugum
311 2042 425 2104 ceruice
440 2041 610 2116 excusserit,
625 2059 720 2123 neque
735 2047 838 2122 postea
851 2059 906 2121 pro
922 2058 957 2100 eo
973 2039 1060 2100 matri
1079 2038 1142 2100 eius
1157 2037 1305 2118 supplica·

194 2155 305 2207 turum.
335 2164 415 2219 uam,
431 2144 512 2224 quod
526 2144 703 2224 paenissime
719 2142 827 2205 oblitus
847 2159 925 2216 sum,
945 2141 1115 2221 nuperrime
1130 2157 1199 2202 cum
1213 2146 1304 2201 testa-

195 2256 330 2310 mentum
344 2246 510 2310 Pudentilla
524 2253 593 2327 post
607 2253 736 2308 mortem
755 2245 892 2307 Pontiani
910 2243 962 2306 tilii
980 2243 1026 2306 sui
1045 2243 1077 2306 in
1094 2243 1174 2306 mala
1190 2241 1305 2304 ualetu-

196 2349 263 2411 diue
283 2349 429 2422 scriberet,
456 2348 506 2410 diu
530 2367 598 2410 sum
621 2348 765 2412 aduersus
785 2347 865 2410 illam
884 2347 1010 2422 renisus,
1042 2363 1079 2408 ne
1098 2346 1178 2408 hunc
1203 2344 1241 2405 ob
1261 2351 1306 2406 tot

8 2481 12 2510 r
196 2452 318 2531 insignis
338 2450 541 2527 contumelias,
567 2449 605 2512 ob
625 2457 671 2512 tot
689 2451 810 2514 iniurias
831 2445 843 2536 ΙΙ
864 2449 1061 2513 exheredaret.
1090 2447 1219 2527 elogium
1238 2464 1306 2526 gra-
1320 2465 1405 2508 enea

125 2543 183 2662 (5²92)
198 2555 355 2616 uissimum
369 2555 428 2618 iam
442 2560 540 2616 totum
554 2553 669 2616 medius
683 2554 770 2616 fidius
780 2553 978 2635 perscriptum
991 2559 1025 2614 ut
1035 2549 1174 2625 aboleret,
1189 2550 1306 2630 impen-

199 2657 239 2718 sis
254 2657 390 2738 precibus
406 2657 498 2720 oraui.
521 2664 685 2737 postremo,
700 2657 732 2718 ni
745 2657 945 2738 impetrarem,
961 2655 1151 2718 diuersurum
1165 2671 1213 2714 me
1224 2651 1260 2714 ab
1272 2669 1306 2712 ea

198 2761 394 2822 comminatus
410 2779 494 2822 sum:
509 2760 582 2822 mihi
596 2761 673 2822 banc
683 2761 801 2823 ueniam
815 2760 967 2834 tribueret,
982 2759 1093 2820 malum
1107 2757 1200 2818 filium
1214 2755 1306 2818 bene-

198 2863 263 2924 ficio
278 2864 418 2938 uinceret,
434 2882 483 2927 me
496 2863 608 2926 inuidia
622 2863 705 2925 omni
718 2863 863 2926 liberaret
890 2879 944 2924 nec
958 2862 1041 2943 prius
1056 2860 1154 2923 destiti
1169 2877 1258 2939 quam
1268 2858 1308 2920 ita

198 2963 275 3026 lecit.
305 2965 392 3025 doleo
407 2983 455 3026 me
469 2964 566 3026 huncc
581 2965 756 3044 scrupulum
769 2963 930 3026 Aemiliano
946 2963 1119 3042 dempsisse,
1135 2967 1196 3021 tam
1210 2959 1308 3039 inopi-

145 3075 178 3128 25
199 3071 299 3128 natam
313 3066 449 3167 semitam
463 3065 617 3130 indicasse.
647 3073 748 3147 specta
761 3083 881 3146 quaeso,
896 3064 1029 3138 ldexinre,
1050 3069 1084 3124 ut
1102 3062 1183 3124 hisce
1202 3060 1325 3138 auditis.

270 3233 281 3283 1
295 3233 428 3299 postremis
438 3233 512 3285 sumis
525 3235 577 3302 up,
591 3233 842 3300 postremissumisV
866 3231 876 3301 l
900 3233 915 3284 2
929 3231 955 3284 ίιι
967 3230 1082 3282 conuiuio
1096 3246 1121 3288 ςε
1138 3229 1187 3280 del.
1205 3226 1244 3282 W
1244 3243 1309 3280 owe·

199 3330 253 3381 rue,
267 3315 414 3366 inconcinne
427 3315 455 3368 V
453 3315 570 3368 etentes
594 3313 604 3382 l
628 3315 728 3386 dipsas
737 3313 847 3365 familiae
859 3331 876 3366 v
907 3311 913 3382 Ι
944 3312 1053 3364 conuiuii
1068 3313 1174 3382 scripsit
1192 3309 1310 3360 conuiuio

200 3447 279 3518 va,
292 3449 317 3500 in
329 3449 445 3502 conuiuio
461 3467 473 3507 ς
489 3445 500 3518 ss
517 3449 639 3502 inicitur
652 3466 672 3514 ς,
685 3449 778 3503 uisitot·
787 3449 849 3517 Fmv
865 3446 876 3518 fl
893 3422 1036 3520 blanditus
1045 3421 1108 3514 pn'e'r
1117 3446 1147 3514 F,
1159 3445 1309 3513 pncrbonc-

202 3539 257 3584 stus
270 3531 317 3602 pv
331 3532 568 3598 (elementorum),
586 3546 648 3598 pncr
659 3530 765 3582 honeste
778 3547 803 3587 c:
820 3546 883 3598 pucr
895 3531 1003 3581 moleste
1017 3529 1118 3582 Oolvt'ue
1142 3527 1152 3598 l
1176 3529 1192 3578 o
1204 3527 1252 3578 etsi
1264 3543 1281 3578 v
1306 3524 1311 3593 Ι

201 3620 228 3664 et
239 3613 338 3666 eddidit
348 3611 454 3664 inlotus
465 3611 477 3682 fl
489 3613 503 3663 7
516 3613 594 3663 latine
607 3613 672 3662 cnixn
684 3629 718 3682 qt:
731 3611 810 3663 latina
823 3612 851 3664 V
850 3613 966 3664 manius
986 3615 990 3677 Ι
1010 3609 1079 3678 loqui
1092 3627 1141 3662 oen.
1153 3608 1197 3678 ςἸ]
1219 3607 1234 3658 8
1245 3608 1311 3678 prob

202 3693 265 3764 Fepv
279 3693 285 3762 1
300 3695 393 3761 nephas
405 3712 428 3766 φ
443 3691 454 3761 l
471 3692 663 3763 columnatio
678 3691 683 3760 Ι
698 3691 866 3757 donrsctne'l'
878 3691 889 3762 l
903 3692 934 3743 10
946 3691 1074 3744 adnitente
1084 3690 1163 3761 nov,
1175 3690 1310 3742 adiuuante

484 3775 493 3813 r

202 3843 215 3884 e
238 3826 248 3896 i
274 3827 450 3898 lienemque,
463 3803 597 3893 steneli*
624 3824 629 3894 l
655 3827 812 3895 assistitisqp
833 3824 844 3894 l
865 3825 955 3878 reule
968 3825 1103 3896 nefitus
1129 3823 1134 3892 Ι
1160 3825 1310 3890 assignanda

201 3925 224 3976 φ
240 3908 251 3978 i
269 3909 301 3958 ll
313 3907 349 3958 nil
361 3909 421 3958 boni
433 3925 447 3966 ς
461 3905 472 3976 Ι]
486 3910 518 3960 16
534 3909 686 3976 poenierime
698 3926 714 3959 v
727 3905 740 3978 ss
751 3909 782 3978 l8
796 3907 921 3959 scriberet
932 3910 1036 3977 see-ipat:
1050 3905 1232 3972 centesies,
1246 3906 1311 3956 scri-

201 3995 289 4055 pscrct
297 3989 352 4058 mV,
366 3990 500 4056 scripserit
512 4007 534 4047 c:
548 3990 651 4057 scripsit
659 3987 830 4058 Salmaaiue‘fl
848 3989 880 4040 19
892 3987 1077 4041 exhaeredaret
1088 3985 1132 4057 vl
1150 3989 1182 4039 20
1195 3989 1244 4038 iarn
1257 3993 1314 4050 tum¹

201 4067 320 4138 Scaliger
334 4067 346 4140 i
363 4069 391 4122 21
406 4071 556 4143 occultior,
574 4072 646 4122 orani
657 4087 675 4123 v
689 4070 694 4138 Ι
708 4072 862 4123 diutrsernm
874 4087 908 4140 p:
926 4071 1088 4122 diuersurum
1098 4069 1244 4123 Vulcanius
1256 4067 1266 4138 i
1279 4069 1311 4120 23

200 4206 314 4258 uinceret
330 4209 358 4260 in
375 4206 396 4258 p
412 4221 463 4259 aer.
477 4210 502 4258 r'a
515 4221 623 4270 rantra,
639 4205 748 4258 uincirct
765 4222 778 4264 ς
806 4205 812 4271 Ι
844 4153 911 4258 :mi
924 4151 990 4205 (m
1004 4151 1075 4274 mim
1099 4203 1110 4274 ΙΙ
1133 4205 1166 4258 24
1177 4203 1268 4256 huncio
1281 4203 1311 4265 F,

200 4288 295 4362 huncce
308 4307 339 4358 φ,
352 4290 418 4340 bunc
430 4303 458 4340 se
471 4289 503 4353 V,
515 4289 580 4340 bunc
594 4288 630 4340 sic
644 4285 683 4356 cll
699 4288 732 4340 25
744 4288 859 4344 semitam
873 4304 895 4354 ς,
907 4293 976 4360 song,
992 4287 1021 4353 F,
1040 4287 1117 4342 lomet
1132 4285 1191 4355 epV:
1210 4292 1312 4336 senten-
