3226 5026
298 469 340 532 22
641 466 670 518 L.
689 460 813 518 APVLEI
824 461 1062 516 Mahhvltltltsts

156 556 172 598 c
183 555 244 597 roto.
259 555 275 598 r.
284 555 318 595 n.
1314 549 1357 590 aa.
1372 549 1475 594 massa

296 623 374 686 ultro
385 623 473 686 etiam
488 622 616 686 suasisse
630 621 724 683 fertur
735 616 885 700 discipulis
897 618 969 693 suis,
985 615 1089 680 crebro
1100 624 1135 680 ut
1142 625 1238 682 semet
1248 618 1409 700 inspeculo

297 723 590 807 contemplarentur?
611 723 717 803 ntiqui
732 741 837 784 eorum
852 722 929 783 foret
943 719 1161 802 pulchritudine
1181 721 1237 783 sbi
1251 723 1410 803 complaci-

296 834 355 902 tus,
371 823 521 908 impendio
535 832 715 908 procuraret,
730 844 768 886 ne
782 825 953 904 dignitatem
969 824 1102 904 corporis
1113 823 1198 884 malis
1209 824 1342 886 moribus
1357 826 1409 887 de-

298 929 462 994 decoraret:
479 931 613 1012 quinem
629 929 729 990 minos
740 946 772 988 se
784 925 1047 988 commendabilem
1058 927 1154 988 forma
1165 933 1290 1008 putaret,
1305 927 1408 990 sedulo

222 1055 282 1096 seu
299 1051 420 1113 operam
441 1033 536 1107 daret,
557 1039 591 1094 ut
610 1031 728 1092 uirtutis
748 1029 833 1091 laude
850 1027 1065 1108 turpitudinem
1090 1028 1094 1112 Ι
1118 1036 1238 1109 tegeret.
1275 1029 1347 1091 adeo
1362 1031 1441 1092 edre

299 1136 433 1199 omnimo
448 1134 683 1214 sapientissimus
698 1131 819 1212 speculo
834 1131 922 1192 etiam
943 1131 979 1191 ad
1000 1131 1183 1212 disciplinam
1203 1149 1323 1194 morum
1343 1139 1408 1194 ute-

297 1237 394 1300 batur.
424 1237 644 1300 Demosthenen
664 1253 752 1309 uero,
774 1234 948 1315 primarium
969 1233 1083 1294 dicendi
1102 1235 1257 1308 artificem,
1279 1235 1345 1315 quis
1364 1242 1409 1296 est

299 1340 348 1420 qtri
363 1357 425 1401 non
441 1340 512 1402 sciat
527 1346 645 1419 semper
664 1345 731 1399 ante
752 1337 905 1417 speculum
921 1336 1005 1416 quasi
1025 1343 1092 1398 ante
1111 1337 1286 1417 magistrum
1306 1355 1409 1399 musas

298 1437 494 1504 meditatum?
525 1441 563 1502 ita
578 1423 626 1502 ills
641 1457 779 1502 summus
794 1447 895 1502 orator
909 1457 977 1501 cum
999 1457 1016 1500 a
1029 1439 1151 1501 Platone
1165 1440 1343 1520 philosopho
1356 1439 1408 1502 la-

297 1544 433 1608 cundiam
448 1544 604 1618 hausisset,
620 1544 655 1604 ab
670 1542 814 1604 Eubulide
828 1541 976 1604 dialectico
992 1541 1258 1621 argumentationes
1272 1542 1408 1604 edidicis-
1426 1558 1458 1609 10

229 1687 233 1700 ·
298 1654 352 1722 set,
377 1647 573 1708 nouissimam
596 1645 808 1726 pronuntiandi
837 1646 1061 1726 congruentiam
1086 1645 1122 1706 ab
1140 1644 1267 1726 speculo
1296 1645 1407 1725 petiuit.

298 1755 399 1810 utrum
413 1750 502 1829 igitur
516 1749 760 1829 putasmaiorem
772 1767 873 1810 curam
888 1749 1002 1810 decons
1017 1747 1048 1808 in
1064 1747 1262 1816 adseueranda
1275 1747 1409 1809 oratione

299 1851 515 1930 suscipiendam
529 1851 642 1912 rhetori
653 1851 779 1929 iurganti
791 1869 828 1911 an
839 1851 1017 1932 philosopho
1031 1847 1218 1931 obiurganti?
1244 1849 1321 1931 apud
1331 1849 1408 1910 iudi-

298 1973 347 2015 ces
363 1961 443 2014 sorte
458 1954 562 2016 ductos
577 1953 726 2033 paulisper
741 1954 914 2033 disceptanti
934 1973 970 2015 an
984 1954 1060 2034 apud
1072 1953 1170 2014 omnis
1180 1953 1316 2016 homines
1327 1969 1407 2012 sem-

237 2089 243 2148 '.
297 2073 351 2136 per
364 2053 541 2118 disserenti?
571 2056 607 2117 de
621 2054 729 2118 finibus
741 2075 884 2173 purorum
898 2057 1021 2136 litiganti
1035 2075 1073 2118 an
1088 2057 1124 2118 de
1139 2056 1246 2118 finibus
1257 2056 1405 2118 bonorum
1425 2067 1457 2118 15

297 2155 484 2221 etmalorum
495 2156 726 2238 docentilquid
738 2159 818 2240 quod
830 2177 884 2222 nec
896 2159 933 2220 oh
945 2159 1017 2221 haec
1027 2157 1406 2237 debettantnmmodophi-

296 2261 440 2342 losophus
456 2263 609 2343 speculum
623 2259 774 2324 inuisere?
789 2280 859 2324 nam
870 2280 957 2343 saepe
972 2269 1090 2343 oportet
1108 2279 1170 2324 non
1190 2262 1280 2324 modo
1301 2260 1406 2322 simili-

282 2364 429 2426 tudinem
445 2382 539 2439 suam,
554 2383 661 2428 uerum
676 2365 764 2427 etiam
778 2365 871 2446 ipsius
886 2364 1085 2428 similitudinis
1105 2365 1249 2427 rationem
1269 2363 1405 2425 conside·
1420 2390 1478 2443 (ιιι)

297 2483 378 2530 rare:
393 2485 476 2542 num,
492 2475 526 2529 ut
540 2469 580 2530 ait
593 2468 748 2548 Epicurus
764 2469 913 2550 profectae
928 2487 945 2530 a
964 2467 1051 2532 nobis
1064 2468 1206 2548 imagines
1220 2467 1303 2530 uelut
1317 2485 1406 2548 quae·

352 2719 427 2783 σθαι,
450 2713 483 2770 ἵν’
506 2721 528 2771 εἰ
554 2719 595 2790 μίν
617 2719 690 2773 καλοί
714 2717 770 2788 εἶεν,
795 2712 862 2792 ίξιοι
884 2719 1013 2793 γίγνοιντο·
1034 2721 1056 2772 εἰ
1076 2715 1100 2772 δ’
1122 2719 1237 2794 αἰσχροί,
1254 2717 1354 2788 παιδείᾳ

351 2793 394 2870 τὴν
413 2803 550 2862 δυσείδειαν
568 2795 760 2858 messuimus.

300 2893 378 2940 7-9
398 2891 501 2952 Quintil.
523 2891 561 2940 Xl
585 2893 609 2953 3,
629 2892 673 2940 68:
700 2893 805 2956 ideoque
832 2893 1018 2943 Demosthenes
1047 2893 1141 2958 grande
1170 2894 1295 2955 quoddam
1316 2895 1353 2944 in-

350 2981 422 3026 tuens
445 2977 572 3040 speculum
596 2990 747 3040 componere
770 2977 894 3026 actionem
912 2977 1019 3038 solebat3
1046 2978 1117 3040 adeo,
1141 2957 1255 3040 quemuis*
1274 2977 1355 3040 fulgor

350 3059 390 3107 ille
402 3058 512 3110 sinistras
522 3061 644 3124 imagines
655 3062 750 3126 reddat,
763 3063 814 3110 suis
828 3063 928 3111 demum
940 3063 1017 3111 oculis
1031 3061 1140 3122 credidit,
1159 3062 1226 3124 quod
1238 3061 1354 3112 efficeret.

317 3144 332 3191 9
351 3141 416 3195 Plnt.
429 3143 503 3194 Dem.
523 3160 545 3198 c.
565 3147 595 3198 a:
623 3130 763 3214 Ἕρμιππος
785 3137 811 3194 di
831 3148 907 3211 φησιν
930 3133 1077 3202 οίδεσπιίνοις
1095 3134 1267 3214 ίιιομνῆμασιν
1288 3143 1353 3195 ἔντυ-

350 3229 418 3298 χεῒν,
441 3225 464 3277 ἔν
488 3223 525 3286 οἷς
547 3226 676 3297 ἐγέγραπτο
696 3218 738 3280 τίν
756 3225 922 3295 Δημοσθένην
947 3225 1161 3299 συνεσχολακέναι
1179 3219 1298 3282 Πλοίτυνι
1315 3226 1355 3278 καί
1446 3283 1448 3286 ,

351 3311 472 3362 πλεῖστον
491 3311 525 3372 εἰς
542 3302 598 3372 τοίς
615 3302 706 3383 λίγους
724 3305 886 3381 ὠφελῆσθαι.
1320 3381 1323 3384 ¹

300 3397 333 3443 10
350 3393 523 3461 LaertDiog.
550 3399 635 3465 1110,
662 3401 725 3449 108:
754 3397 810 3466 περὶ
833 3387 918 3450 esdras
938 3398 985 3465 (dc
1009 3397 1145 3464 Eubulide)
1171 3395 1237 3466 ψησί
1254 3415 1291 3458 τις
1308 3391 1354 3448 cdo

351 3469 469 3545 κωμικοίν·
489 3469 646 3549 ιΟιίριστικίς
664 3479 690 3534 δ’
705 3477 861 3546 Εὐβουλίδης
878 3477 1003 3552 κερατίνας
1021 3475 1110 3550 &posthc
1126 3483 1131 3550 Ι
1146 3483 1185 3534 καί
1199 3470 1353 3546 ψευδαλαζιί-

353 3579 393 3611 σιν
410 3550 496 3632 λίγυις
514 3552 569 3624 τοίς
585 3554 689 3637 ῥήτορας
700 3562 788 3618 κυλίων
804 3565 808 3632 Ι
825 3557 928 3632 ἐσῆλθ’
958 3565 1022 3640 ἔχων
1045 3565 1222 3637 Δημοσθένους
1244 3552 1286 3631 τὴν
1304 3556 1352 3636 ῥυ.

298 3682 300 3692 .
352 3643 571 3716 ιιονιιρνιεγιίθραν.ι
607 3639 674 3716 ἐοίκοι
691 3637 738 3719 γίιρ
761 3643 835 3703 arisai
848 3651 888 3702 καί
912 3649 1078 3722 Δημοσθένης
1100 3646 1222 3719 αἰκηκοίναι
1244 3645 1284 3701 καί
1305 3639 1353 3724 ῥυ-

353 3722 481 3800 πικιίτεγος
497 3720 527 3782 νίν
544 3721 706 3789 παίσασθαι.
965 3725 968 3735 1

366 3959 382 4010 2
400 3966 429 4010 ut
441 3977 473 4029 φ,
485 3962 528 4013 ubi
540 3979 557 4013 v
578 3961 581 4026 l
601 3964 770 4030 pulcritudine
783 3984 806 4037 φ
830 3965 840 4036 ΙΙ
864 3969 1123 4021 4υοιυοιιᾱυ1ιῑίυιοΡ
1147 3967 1158 4038 fl
1183 3969 1198 4020 5
1211 3972 1247 4035 ut]
1262 3975 1288 4019 et
1297 3969 1409 4020 Bosscba

232 4145 243 4162 ⁴
297 4090 306 4159 ll
328 4091 523 4146 lbemostenen
535 4095 581 4166 nu
600 4093 611 4166 ss
628 4099 760 4152 Secusses
772 4101 818 4174 sz
834 4101 844 4172 ll
862 4049 1075 4155 9ιιιυιίίίίωιιίιίι)1ἶ
1100 4101 1111 4172 Η
1136 4104 1168 4156 10
1180 4103 1324 4156 ausissetll
1344 4099 1355 4171 fl
1377 4103 1405 4154 11

298 4229 508 4292 monunclandiv
528 4228 537 4297 ΙΙ
549 4231 795 4303 12ιιισοιιοηιιᾱαφ
818 4233 829 4302 ΙΙ
853 4237 1029 4305 13νοί1ιοκὶφ
1058 4236 1067 4306 ll
1098 4239 1129 4289 15
1142 4183 1319 4308 ᾱξιληίλλιίνίλ,
1341 4237 1409 4288 dise·

298 4309 394 4363 rentiv
421 4307 431 4384 'l
461 4311 767 4380 ltlproiectaePatcaaue
794 4315 798 4382 Ι
824 4318 1041 4392 ymaginesllpl]
