3226 5026
211 445 214 452 .
274 429 324 472 un
660 362 669 437 ἕ
736 405 924 461 sumasne

274 570 310 626 ut
332 560 394 624 hoc
418 582 482 626 uuo
505 568 577 626 utar
600 560 759 647 exemplo,
784 559 825 629 ad
847 561 947 652 verba
974 559 1102 632 Graeca
1124 584 1156 649 p.
1172 563 1227 644 41,
1253 561 1382 626 12-15

276 664 425 732 editionis
453 689 560 732 meae:
594 669 728 750 <quoodo
752 689 885 751 0000000
913 672 1074 735 scrutatos
1091 671 1218 750 fuerint
1245 671 1385 752 00100000

274 775 434 856 eiusmodi,
458 777 592 838 inutilem
615 775 751 838 00010000
773 775 905 838 laborem
926 795 978 840 eus
1000 777 1173 840 0000011000
1180 825 1188 858 ,
1217 796 1284 840 cum
1306 777 1386 840 auu

263 883 314 944 ’00
335 882 376 944 ita
397 886 545 963 ecsarpot
565 883 608 944 ad
627 902 692 945 rem
714 887 795 946 tuum
808 882 945 963 sarteas,
975 888 1004 944 et
1025 883 1254 946 0011000110ηο
1277 888 1383 964 ternpo-

274 988 321 1050 rr's
343 985 516 1068 0111010101).
562 985 655 1068 satis,
687 985 817 1073 opinor,
845 985 920 1050 hinc
944 985 1064 1067 elucet,
1088 985 1162 1052 talis
1185 985 1384 1074 excerptoris

275 1076 401 1156 notulas
424 1111 583 1178 nusquam
606 1100 698 1157 extra
721 1090 953 1158 dubitationem
975 1091 1097 1180 positas
1121 1115 1200 1158 esso.

367 1194 474 1275 Quam
503 1197 544 1263 ob
573 1219 642 1262 rem
672 1219 745 1265 cum
775 1196 893 1264 abhinc
922 1196 1060 1264 triennio
1091 1195 1401 1284 circumspicerem,
1433 1249 1436 1258 ,

195 1293 200 1297 ’
275 1301 360 1368 unde
389 1324 505 1367 novam
536 1301 684 1368 codicum
710 1302 971 1369 Florentinorum
1001 1302 1205 1368 collationem
1227 1301 1305 1368 mihi
1329 1325 1383 1389 pa·

275 1432 391 1492 raram,
418 1408 564 1496 contigit,
588 1418 624 1474 ut
645 1407 845 1474 Leonardi
869 1406 1065 1496 Spengeli
1088 1409 1128 1475 de
1150 1409 1231 1475 locis
1248 1407 1384 1474 Graecis

217 1599 218 1602 Ἴ
277 1515 332 1603 qui
355 1514 389 1580 in
410 1513 529 1602 Apulei
554 1514 680 1602 scriptis
703 1515 813 1586 insunt
836 1515 1064 1581 commentatio
1092 1537 1204 1581 museo
1225 1514 1384 1580 Rhenano

191 1699 195 1706 Ι
277 1645 304 1686 0.
337 1621 419 1686 1861
452 1618 549 1708 (XVI
561 1644 597 1704 p.
619 1621 771 1706 27—37)
800 1620 921 1688 inserta
950 1620 1093 1688 animum
1122 1645 1229 1688 meum
1257 1619 1297 1685 ad
1321 1621 1384 1685 col-

276 1725 429 1791 lationem
457 1725 639 1792 adverteret
667 1726 833 1792 aPetro
857 1725 1043 1791 Victorio
1073 1727 1212 1814 margini
1235 1724 1385 1798 editionis

277 1831 467 1918 Viocntinae
507 1831 550 1918 (a.
590 1832 688 1919 1488)
727 1831 913 1897 Florentiae
946 1854 1030 1896 anno
1068 1831 1150 1896 1521
1188 1829 1383 1918 adspersam,

277 1961 360 2025 quae
396 1938 499 2004 adhuc
533 1937 671 2002 latuerat
704 1936 739 2000 in
772 1935 969 2003 bibliotheca
998 1936 1089 2024 regia
1118 1934 1320 2001 Monacensi·
1337 1934 1384 2022 (n.

278 2040 391 2128 2001).
439 2042 607 2108 confestim
635 2041 677 2106 ad
704 2039 809 2105 vlrum
838 2040 1083 2108 celeberrimum
1106 2041 1277 2129 epistulam
1300 2040 1385 2123 dodi,

278 2146 410 2234 eiusque
434 2157 467 2213 et
483 2145 624 2212 Caroli
647 2145 784 2212 Halmi
799 2169 943 2212 summae
962 2146 1147 2214 liberalitati
1162 2147 1277 2230 debeo,
1300 2147 1385 2234 quod

278 2275 319 2320 ex
355 2255 530 2342 exemplari
560 2254 615 2320 illo
644 2252 833 2320 Victoriano
863 2254 904 2320 ad
931 2277 983 2320 me
1013 2253 1201 2321 transmisso
1229 2253 1264 2318 in
1292 2276 1386 2319 usum

278 2383 386 2426 meum
416 2361 583 2426 desumere
612 2359 704 2426 licuit
732 2359 936 2426 collationem
959 2360 1098 2442 codicis,
1127 2370 1163 2425 ut
1186 2382 1258 2428 cum
1283 2357 1383 2447 Spen-
1473 2421 1477 2430 .

279 2466 364 2553 gelio
400 2466 584 2553 sperabam,
618 2465 828 2532 Laurentiani
863 2465 1014 2532 LXVIII
1042 2469 1072 2533 2.
1118 2489 1210 2554 spem
1246 2466 1386 2553 augebat

280 2571 470 2658 subscriptio
493 2571 543 2636 his
565 2573 674 2640 verbis
697 2582 871 2660 concepta:

391 2680 573 2762 ’'’ecopaora'
588 2703 670 2746 «0100
698 2683 866 2774 coemptura
894 2683 1004 2746 litteris
1031 2680 1244 2763 Langobardos
1273 2679 1387 2762 scripto

389 2819 404 2848 e
427 2789 505 2850 ,3101
532 2791 632 2851 onorat
656 2789 833 2852 Florentiae
860 2790 1043 2853 bibliotheca.
1089 2809 1148 2852 000
1176 2789 1243 2850 aiae
1270 2807 1386 2849 summu

391 2892 554 2974 dilipeatio.
593 2895 805 2976 obuersatique
827 2895 907 2977 quod
925 2897 1004 2959 soleo
1027 2901 1060 2958 ut
1080 2895 1158 2958 01101
1174 2893 1387 2957 incantatione

386 3001 665 3079 praetermitterem.
717 3019 753 3062 00
787 3020 823 3063 00
858 3001 976 3082 quidem
1010 3020 1086 3084 quoe
1115 3004 1258 3082 corrupta
1279 3000 1386 3081 primo

380 3103 472 3185 facie
493 3105 687 3172 0100100100.
733 3125 769 3170 ae
798 3107 991 3170 aurodoturo
1021 3109 1103 3171 10000
1125 3108 1313 3170 coamatores
1336 3103 1386 3166 de·
1458 3101 1470 3114 ”
1506 3167 1510 3174 .

390 3215 474 3273 earet.
521 3212 601 3292 quod
620 3213 753 3292 sequitur
776 3215 1045 3277 001001001οε000
1068 3215 1173 3276 meret
1192 3215 1226 3276 ia
1247 3215 1369 3275 uetusto.

445 3315 517 3378 Kal.
541 3317 678 3381 Martiis.
702 3318 882 3382 MRXXI.
969 3321 1006 3384 P.
1035 3321 1185 3383 Victorias
1206 3318 1318 3382 Iocobi.
1341 3318 1388 3380 R>

368 3418 439 3486 Iam
472 3420 626 3505 putabam
661 3429 789 3508 praesto
822 3421 899 3486 mihi
930 3444 1001 3488 esse
1028 3422 1287 3503 fundamentum,
1323 3442 1387 3506 quc

280 3523 340 3590 niti
363 3545 500 3610 possam.
546 3525 623 3610 quid
647 3524 779 3609 mirum,
807 3526 894 3614 quod
917 3527 1027 3595 dolore
1051 3527 1190 3616 quodam
1212 3524 1387 3608 afficiebar,

282 3653 355 3695 cum
385 3628 601 3696 dubitationes
629 3631 715 3698 haud
745 3632 789 3698 ita
817 3634 906 3699 leves
933 3633 973 3700 de
1002 3634 1066 3700 fide
1093 3632 1178 3697 illius
1206 3630 1387 3696 collationis

282 3735 361 3801 mihi
389 3735 681 3804 subnascerentur‘?
715 3737 866 3805 videbam
895 3762 936 3805 ne
965 3762 1029 3816 uno
1058 3739 1188 3826 quidem
1216 3738 1317 3804 verbo
1347 3737 1387 3802 si·
1419 3755 1420 3759 ’

283 3840 469 3929 gnificatam
483 3865 502 3906 a
517 3841 664 3909 Victorio
680 3845 840 3926 lacunam,
865 3868 962 3932 quam
977 3844 1104 3910 Keilius
1119 3843 1154 3909 in
1174 3844 1287 3910 codice
1302 3843 1387 3908 Lau-

282 3945 428 4013 rentiano
452 3943 602 4012 LXVIII
625 3949 646 4012 2
675 3947 854 4033 detexerat,
884 3949 1026 4036 itemque
1055 3949 1207 4016 videbam
1232 3949 1389 4015 lectiones

284 4050 429 4116 eiusdem
438 4049 513 4116 libri
524 4053 744 4142 manuscripti,
760 4077 840 4140 quas
851 4053 979 4121 Keilius
990 4056 1105 4123 Iahnio
1118 4055 1387 4146 suppeditaverat,

285 4157 415 4222 differre
451 4178 469 4220 a
503 4157 695 4225 lectionibus
729 4159 945 4227 Victorianis:
977 4161 1093 4230 hocine
1125 4164 1299 4229 tribuerem
1327 4159 1389 4223 viri
1439 4148 1440 4152 ¹
