3226 5026
669 434 858 489 PRAEFATIO
1256 457 1318 498 v1111

212 587 329 656 summi
347 587 573 676 neglegentiae
589 611 745 656 summam
761 586 1015 677 recognoscendi
1029 586 1230 676 diligentiam
1244 611 1317 678 pro-

210 695 299 779 fessi,
314 718 358 760 an
371 703 519 782 putorem
531 695 667 761 alterum
679 694 824 762 codicem
835 694 1069 778 Florentinum,
1084 695 1221 760 fortasse
1232 693 1317 762 Lau·

211 800 392 870 renticnnm
406 799 589 867 -XXVIIII
611 803 649 886 2,
672 801 817 867 Victorio
842 801 882 867 ad
905 823 1036 868 manum
1057 798 1180 866 fuisse?
1209 823 1317 868 mone-

212 908 268 974 bat
300 904 431 993 quidem
463 929 522 993 per
555 905 665 972 literas
694 903 903 996 Spengelius,
938 905 1118 972 Victorium
1146 904 1318 993 indagasse

211 1019 244 1078 et
267 1010 440 1078 contulisse
463 1011 563 1079 libros
586 1012 822 1100 manuscriptos
838 1033 1068 1100 usquequaque
1084 1010 1318 1078 vetustissimos

120 1151 124 1158 ·
211 1118 412 1206 eundemque
436 1115 477 1185 ad
500 1118 646 1185 codicem
667 1117 757 1184 illum
778 1117 1033 1186 Laurentianum
1048 1115 1199 1184 LXVIII
1215 1118 1235 1183 2
1252 1117 1317 1183 To·

212 1225 268 1292 citi
295 1209 395 1290 libros
418 1224 649 1312 recognovisse
672 1223 781 1292 addita
802 1223 899 1290 simili
925 1221 1207 1310 subscriptione¹).
1252 1246 1319 1293 non

211 1330 447 1418 repugnabam:
472 1352 668 1417 quamquam
691 1353 757 1396 non
781 1329 914 1396 dubium
938 1336 1016 1413 erat,
1041 1319 1119 1416 quin
1142 1328 1319 1416 exemplari

211 1434 400 1503 Victoriano
424 1435 464 1502 ed
481 1434 601 1523 Apulei
623 1436 723 1502 verba
748 1435 948 1505 emendanda
970 1435 1097 1502 utinen
1114 1435 1236 1519 liceret,
1256 1434 1319 1500 nisi

213 1543 252 1608 de
275 1541 344 1608 eius
367 1540 431 1608 fide
453 1543 549 1630 plane
573 1550 735 1608 constaret
756 1565 841 1608 nova
862 1541 1006 1630 ipsorum
1022 1541 1169 1608 codicum
1185 1541 1317 1608 Floren-

211 1647 353 1714 tinorum
376 1647 546 1714 collatione
569 1647 723 1714 institute.

299 1754 397 1820 Hanc
421 1753 626 1820 collationem
647 1760 683 1818 ut
705 1775 778 1818 mea
801 1752 905 1840 gratia
927 1751 1112 1842 susciperet,
1135 1751 1318 1840 Adelpho

212 1858 471 1947 Kie'sslingio
511 1858 615 1924 amico
649 1858 869 1927 intercedente
902 1858 1116 1946 Iosephum
1149 1857 1318 1925 Muelle-

212 1989 296 2031 rum
318 1964 383 2031 edii
405 1967 620 2055 professorem
643 1965 848 2048 Patavinum,
871 1965 976 2032 virum
999 1965 1034 2032 in
1050 1966 1216 2033 codicibus
1231 1975 1318 2032 vete·

213 2093 285 2138 rum
313 2070 505 2159 scriptorum
528 2069 727 2138 excutiendis
751 2070 1047 2158 diligentissimum,
1078 2071 1130 2138 cui
1152 2080 1320 2160 acceptum

213 2177 328 2258 refero,
353 2175 439 2264 quod
462 2186 616 2243 autumno
640 2175 717 2242 anni
742 2176 826 2242 1862
849 2186 963 2243 nactus
987 2200 1058 2244 sum
1074 2177 1319 2244 fundamentum

212 2283 361 2351 editionis
384 2306 481 2370 quam
502 2283 655 2372 parabam
680 2281 734 2346 diu
758 2281 983 2348 desideratum.
1022 2283 1087 2350 iam
1104 2282 1172 2348 vidi
1188 2282 1319 2370 quidem

212 2389 392 2456 Victorinm
417 2375 516 2477 saepe
537 2387 719 2455 consentire
742 2412 816 2454 oum
830 2386 1004 2455 Muellero:
1027 2389 1094 2472 sed,
1118 2411 1192 2454 cum
1210 2389 1319 2456 multis

212 2495 292 2561 locis
314 2504 450 2581 uterque
473 2494 680 2582 discreparet,
703 2493 868 2561 Victorius
885 2495 1058 2562 contulisse
1073 2494 1152 2562 mibi
1167 2494 1255 2562 visus
1271 2505 1320 2562 est

328 2779 355 2846 1)
375 2781 532 2847 ‘Recognosce'
550 2797 606 2833 cum
625 2788 722 2832 vetusto
740 2782 882 2848 exemplati
897 2781 979 2833 literis
990 2781 1169 2849 Lottpobordo
1182 2744 1277 2848 tempto
1288 2797 1321 2832 ue

301 2883 333 2917 eo
357 2866 460 2932 quidem
484 2865 513 2918 in
536 2865 676 2916 rodanone
694 2866 807 2916 omittens
825 2882 893 2932 quae
911 2861 1034 2932 corrupto
1051 2865 1139 2934 aliquo
1152 2875 1232 2932 pacto
1250 2865 1320 2916 vide-
1431 2873 1438 2886 ⁸

301 2951 410 3018 bantur,
434 2967 467 3002 ue
485 2951 555 3002 nco
574 2949 734 3001 coniecmrce
752 2950 917 3001 nuendum
934 2950 1037 3004 deosum.
1072 2951 1121 3002 mr
1138 2959 1223 3002 auten
1241 2949 1321 3002 coclea

303 3036 401 3088 eDivi
418 3034 505 3088 Marci
522 3033 689 3087 Bibliotheca.
727 3033 875 3086 sumtus
894 3033 1064 3090 ntum.
1102 3034 1195 3086 Idibus
1212 3034 1311 3086 Imma.

1016 3152 1046 3204 P.
1070 3151 1214 3204 Victorius*

284 3284 371 3338 Exiet
391 3283 459 3338 haec
482 3283 645 3355 subscriptio
668 3283 697 3337 in
719 3282 868 3352 exemplari
890 3282 1016 3338 editionis
1034 3281 1224 3349 Beroaldinae,
1249 3281 1321 3351 quod

213 3374 337 3424 servatur
358 3369 387 3422 in
410 3366 576 3424 bibliotheca
593 3369 669 3437 regie
685 3366 851 3423 Monacensi.
887 3366 920 3421 de
938 3365 1081 3422 collatione
1100 3381 1117 3421 u
1133 3366 1255 3422 Victorio
1273 3365 1320 3420 ad-

213 3451 316 3524 scripta
332 3451 400 3506 baec
417 3452 502 3506 tradit
518 3452 676 3507 waltherus
694 3453 726 3521 (I
735 3453 824 3519 praef.
833 3470 863 3520 p.
875 3453 1022 3508 XXXVII.
1041 3453 1075 3519 es.
1096 3451 1172 3506 Orell.
1186 3452 1275 3520 praef.
1290 3469 1320 3518 p.

220 3537 317 3588 VIIII
331 3545 356 3588 et
371 3529 489 3606 Spengel.
504 3555 595 3605 propr.
610 3533 839 3612 Monac.1847l4d
852 3555 883 3604 p.
902 3539 943 3604 6):
961 3536 1043 3588 ‹Indc
1061 3535 1094 3588 cb
1111 3536 1246 3588 comesne
1257 3537 1322 3588 libro

214 3620 357 3673 Annalium
380 3621 506 3674 Victorius
530 3624 688 3689 scripturus
704 3620 883 3675 Hermisium
905 3623 937 3674 ab
959 3622 1070 3674 editione
1090 3619 1218 3674 Beroaldi
1235 3620 1321 3672 diecr-

214 3722 270 3756 cum
291 3705 413 3772 adposuit
428 3708 583 3773 plantusque
604 3707 633 3757 in
650 3707 781 3773 marytre:
803 3707 931 3759 &ociores
948 3706 1094 3770 comtum,
1114 3714 1139 3757 et
1155 3707 1179 3756 ei
1195 3722 1249 3770 quc
1266 3723 1322 3758 wia

214 3790 328 3842 alterave
351 3791 438 3844 littero
460 3790 600 3855 mutanda,
624 3791 653 3842 iu
670 3792 726 3857 ipso
744 3800 862 3843 contemtu
879 3790 1041 3858 significauit.
1078 3789 1151 3852 Quae
1169 3789 1277 3840 teratu
1293 3791 1322 3841 iu

215 3874 270 3928 eod.
288 3873 360 3927 Flos.
369 3913 375 3939 ‚
393 3883 484 3926 notato
500 3879 562 3926 tuot
578 3875 677 3926 lineolis
694 3876 736 3928 cel
747 3875 853 3940 punctis
869 3874 1014 3940 suppositis.
1050 3872 1229 3938 Reperiamus*
1246 3873 1322 3924 etium

214 3959 453 4012 meimedcereioucc
470 3975 502 4011 cc
519 3960 621 4026 ingenio
645 3959 752 4011 Victorii
764 3958 910 4024 pefectae,
934 3972 1000 4022 quoa
1016 3956 1059 4008 ille
1077 3973 1095 4006 c
1113 3956 1245 4008 collatore
1262 3956 1323 4008 libri

216 4041 361 4094 Blwcntiui
379 4043 499 4095 distinxit
511 4042 660 4108 praeposito
679 4035 703 4093 c‘
725 4043 760 4106 (lt.
779 4058 800 4096 c.
819 4039 945 4106 συνήρα),
981 4038 1044 4093 talis
1064 4045 1106 4095 est
1125 4038 1206 4093 etium
1223 4039 1323 4109 Apulei

215 4125 324 4180 collatio
341 4125 511 4182 Victoriana:
535 4139 622 4193 neque
646 4139 710 4180 vero
727 4125 791 4180 huic
809 4122 946 4180 Victorius
965 4123 1134 4180 coniecturas
1155 4123 1189 4180 de
1206 4139 1256 4180 suo
1274 4123 1321 4178 ad-

215 4209 292 4264 didit.
