3226 5026
702 425 872 480 meroen
1271 436 1313 497 45

135 514 178 556 nd.
193 513 295 556 Oudend.
1298 518 1314 558 l.
1326 519 1386 561 tlte.
1400 517 1462 563 tab.

206 581 360 663 piscatoris
375 581 525 662 quaesisse
539 580 575 643 de
589 581 674 644 litore
688 581 863 644 conchulam
878 583 1019 660 striatam,
1034 589 1140 646 testam
1151 592 1313 666 patentem,

205 687 350 748 calculum
364 691 497 760 teretem,
514 691 662 765 praeterea
680 702 855 748 cancrorum
883 685 990 760 turcas,
1012 687 1185 749 echinorum
1205 689 1313 752 calicu-

135 802 192 857 (ιιι)
206 790 267 864 los,
291 787 455 868 lolliginum
478 785 596 866 ligulas,
619 793 771 867 postremo
793 787 919 862 assulas,
943 788 1085 864 festucas,
1111 791 1262 853 resticulas
1285 799 1314 854 et

206 897 304 953 ostrea
322 890 456 970 Pergami
475 889 680 965 uermieulata,
706 888 831 970 denique
851 901 988 953 muscum
1008 899 1037 954 et
1056 893 1150 973 algam
1171 900 1200 954 et
1218 899 1314 954 cetera

169 1007 185 1056 5
206 994 296 1056 maris
317 995 514 1068 eiectamenta,
535 1009 609 1073 quae
628 991 737 1073 ubique
755 991 890 1054 locorum
915 995 1011 1056 uentis
1031 996 1225 1077 expelluntur,
1251 994 1313 1058 selo

206 1102 399 1177 exspuantur,
413 1102 587 1176 tempestate
602 1095 831 1176 reciprocantur,
845 1095 1003 1176 tranquillo
1019 1094 1215 1160 desertmtur?
1231 1093 1245 1180 ΙΙ
1259 1113 1313 1158 ue-

206 1217 263 1278 que
279 1200 357 1262 enim
372 1199 471 1260 miuus
485 1197 549 1260 istis
566 1215 639 1278 quae
654 1200 887 1260 commemoraui
901 1199 1117 1262 accommodari
1131 1205 1258 1281 possunt
1272 1199 1313 1262 si-

206 1303 314 1366 mfliter
336 1321 372 1364 ex
397 1301 543 1363 uocabulo
571 1299 759 1383 suspitiones.
807 1319 896 1381 posse
921 1301 1015 1365 dicitis
1045 1303 1081 1366 ad
1100 1321 1148 1366 res
1173 1318 1313 1365 uenereas

206 1412 325 1486 sumpta
339 1406 375 1466 de
390 1405 465 1467 mari
480 1404 580 1485 spuria
595 1411 624 1464 et
638 1403 749 1466 lasciue
767 1410 889 1485 propter
903 1406 1058 1468 nominum
1078 1405 1312 1468 similitudinem:

154 1505 187 1556 ¹⁰
209 1509 259 1588 qui
277 1509 376 1570 minus
400 1507 496 1589 possit
519 1525 554 1568 ex
575 1505 680 1568 eodem
701 1507 786 1569 litore
808 1508 935 1570 calculus
957 1509 994 1570 ad
1013 1509 1158 1584 uesicam,
1180 1513 1256 1569 testa
1275 1505 1314 1568 ad

136 1571 194 1627 (⁴⁷⁶)
208 1617 428 1686 testamentum,
440 1627 544 1671 cancer
554 1609 591 1670 ad
601 1610 708 1684 ulcera,
725 1610 787 1688 alga
798 1609 834 1671 ad
847 1607 1042 1700 quercerom?
1057 1628 1112 1672 nae
1127 1617 1169 1686 tu,
1190 1606 1194 1694 Ι
1214 1610 1314 1672 Claudi
1327 1629 1344 1669 ι.
1354 1627 1400 1668 ιο..

206 1713 339 1787 Maxime,
364 1713 451 1774 nimis
471 1712 585 1793 patiens
605 1711 703 1773 uires
724 1717 753 1772 et
778 1711 886 1794 oppido
906 1712 1028 1793 prole‘wo
1046 1712 1237 1788 humanitate,
1265 1713 1314 1792 qui

207 1816 294 1877 hasce
314 1833 418 1877 esrum
437 1815 705 1896 argumentationes
724 1814 775 1876 diu
794 1815 891 1877 hercle
910 1833 1069 1896 perpessus
1092 1815 1143 1877 sis.
1177 1815 1313 1895 equidem

207 1937 276 1981 eum
290 1919 362 1979 haec
376 1917 412 1980 ab
426 1919 483 1980 illis
499 1917 581 1998 quasi
596 1917 695 1998 grauia
710 1923 739 1978 et
752 1917 899 1979 uincibilia
913 1917 1088 1993 dicerentur,
1104 1917 1223 1982 illorum
1238 1918 1314 1979 stul-

155 2032 187 2084 15
207 2021 300 2084 titiam
315 2021 456 2096 ridebam,
471 2026 554 2082 tuam
568 2020 738 2101 patientiam
752 2020 889 2083 mirabar.

293 2125 429 2188 Ceterum
444 2142 533 2204 quam
548 2121 585 2186 eb
601 2140 664 2184 rem
679 2123 823 2204 plurimos
838 2125 896 2184 iam
910 2122 999 2203 piscis
1014 2122 1214 2201 cognouerim,
1238 2141 1314 2202 quo·
1331 2132 1446 2187 xxxvl

138 2243 196 2298 (ιιι)
210 2228 335 2291 rundem
361 2229 458 2290 adhue
481 2226 598 2288 nescius
622 2244 687 2288 esse
716 2225 823 2301 nolim,
847 2226 938 2288 discat
956 2224 1149 2300 Aemilianus,
1174 2225 1313 2306 quoniam

207 2349 302 2411 usque
317 2331 390 2392 adeo
405 2330 493 2392 rebus
508 2329 584 2392 meis
598 2335 688 2391 curat.
718 2345 885 2409 quarmuam
899 2335 945 2391 est
959 2329 1018 2391 iam
1032 2326 1181 2408 praecipiti
1196 2345 1269 2389 aeuo
1285 2334 1315 2387 et

208 2433 331 2495 occidua
341 2437 617 2507 senectute‚tamen,
628 2431 654 2494 si
668 2431 795 2507 uidetur,
811 2432 931 2513 accipiat
942 2430 1106 2494 doctrinam
1118 2447 1214 2492 seram
1228 2429 1314 2510 plane

154 2545 187 2596 20
208 2541 238 2596 et
253 2541 431 2616 postumam.
461 2537 536 2615 legat
551 2541 686 2598 ueterum
706 2534 954 2616 philosopherum
974 2539 1175 2608 monumenta,
1194 2532 1314 2594 taudem

208 2645 242 2700 ut
255 2637 411 2719 intellegat,
427 2655 488 2700 non
502 2657 551 2699 me
565 2639 695 2719 primum
709 2638 781 2700 haec
796 2639 964 2719 requisisse,
980 2637 1033 2700 sed
1046 2637 1105 2698 iam
1119 2634 1234 2716 pridem
1250 2652 1315 2696 ma·

207 2741 286 2804 iores
311 2760 409 2816 meos,
432 2740 710 2806 Aristotelem‘dico
734 2748 763 2803 et
786 2741 1024 2824 Theophrastum
1044 2747 1074 2801 et
1097 2739 1263 2802 Eudemum
1287 2744 1316 2798 et
1416 2769 1418 2774 ·

279 3045 290 3097 1
306 3044 419 3097 littorev
435 3043 439 3111 Ι
455 3042 850 3114 eonemnmltp‚eonchu1amv
864 3040 869 3109 1
884 3050 1011 3109 patentem
1023 3042 1043 3093 I.
1051 3042 1096 3095 lh.
1104 3039 1257 3094 Gronovius
1269 3036 1315 3091 ha·

209 3127 308 3178 beatem
320 3126 373 3195 lup,
384 3124 499 3177 hebetem
511 3143 539 3179 v:
563 3125 690 3178 tabentem
708 3125 758 3177 Iac.
773 3124 922 3191 Gronovius,
938 3124 1065 3175 albentem
1080 3123 1212 3190 Brarrtiue,
1233 3127 1315 3172 testu-

210 3209 260 3259 lam
270 3209 380 3259 hiantem
391 3205 557 3272 Staeoeclo'ua,
570 3207 690 3258 testulam
701 3207 855 3259 hiaseentem
867 3206 998 3260 Maedos
1022 3201 1033 3272 ΙΙ
1057 3204 1073 3255 2
1082 3208 1145 3274 poet
1159 3202 1245 3256 furcas
1257 3205 1316 3271 irrep

209 3305 306 3342 rasura
331 3287 335 3356 Ι
362 3288 476 3340 echinum
492 3287 571 3359 nov,
597 3290 742 3342 echinorum
755 3306 767 3346 ς
794 3287 806 3358 ΙΙ
840 3290 856 3340 3
874 3288 961 3340 malim
977 3285 1118 3339 iestuculas
1148 3283 1159 3354 ΙΙ
1190 3287 1207 3336 4
1230 3291 1317 3336 ostrea

209 3375 372 3441 corruptam
391 3370 554 3423 scribendum
579 3370 681 3424 videtur
701 3378 798 3423 rostra:
820 3367 903 3422 frusta
920 3369 948 3423 P.
967 3386 990 3421 u.
1007 3367 1160 3434 Salmasius,
1182 3365 1269 3419 ostrea
1290 3365 1315 3415 in

210 3461 282 3518 tergo
295 3470 319 3509 u.
332 3453 372 3506 val
384 3470 407 3504 o.
420 3450 555 3518 peregrina
566 3470 591 3504 ιι.
605 3453 646 3504 eal
655 3470 678 3505 o.
691 3452 865 3518 perigrammis
877 3468 902 3503 u.
914 3452 955 3503 ool
966 3469 999 3518 o.‚
1011 3451 1165 3518 purgamina,
1178 3466 1202 3501 ιι.
1217 3445 1315 3501 anuo.

209 3536 307 3588 obsera.
321 3539 377 3588 ortt.
389 3533 401 3586 1
414 3536 454 3600 14,
467 3541 611 3586 ostreorum
622 3540 696 3597 terga
707 3549 732 3584 ιι.
746 3529 877 3602 Brennica,
889 3539 1033 3585 ostreorum
1049 3541 1122 3598 terga
1134 3533 1245 3598 lenigata
1257 3531 1316 3584 Ρη·-

209 3632 294 3680 eaaur,
311 3624 338 3668 et
354 3624 441 3668 cetera
455 3614 572 3667 teredine
583 3630 609 3664 ιι.
633 3615 752 3680 dorseta,
774 3630 850 3666 ossua
865 3615 980 3667 teredine
992 3632 1017 3666 ιι.
1040 3613 1234 3668 llildabroerdt‘us
1260 3609 1265 3678 Ι
1291 3618 1318 3663 ct

209 3703 346 3762 caeterea,
360 3696 504 3764 coterellos
529 3693 541 3766 ΙΙ
565 3695 696 3748 blitornm
709 3696 730 3748 F
743 3713 778 3749 erc
789 3712 873 3759 eorr.,·
890 3701 948 3748 crat
958 3697 1081 3763 locorum,
1098 3698 1212 3749 locorum
1224 3712 1255 3762 op,
1273 3693 1317 3744 lit·

210 3784 294 3828 torum
302 3793 320 3829 v
335 3775 346 3844 11
370 3778 386 3828 6
399 3786 542 3845 expuuntur
553 3775 593 3846 νῆ
610 3780 625 3829 1
638 3779 844 3830 commemorauit
855 3775 997 3830 Senecam
1013 3773 1025 3845 Ι
1041 3779 1057 3830 8
1070 3777 1225 3845 suspiciones
1237 3774 1301 3844 Fcpr
1314 3772 1319 3842 Ι

210 3859 328 3909 uenerias
340 3859 403 3929 Ε’φν
424 3858 433 3927 ΙΙ
454 3860 470 3910 9
483 3867 604 3926 sumptam
617 3861 648 3911 de
660 3875 693 3911 m.
706 3875 818 3926 spumam
829 3860 948 3913 Latiowr
970 3856 983 3930 ΙΙ
1007 3858 1039 3911 le
1052 3859 1140 3912 littora
1152 3875 1169 3911 v
1184 3857 1189 3924 Ι
1204 3856 1317 3908 calculos

210 3938 288 4009 FpV,
299 3940 413 3991 calculus
424 3956 437 3998 ς
448 3939 459 4009 Ι]
472 3941 502 3993 11
514 3956 680 4008 querqueram
695 3941 873 3995 Caemaboaur:
890 3955 1038 4008 quercernm
1050 3940 1113 4010 Fepv
1132 3939 1143 4008 fl
1173 3939 1204 3990 12
1217 3937 1318 4004 prolixa

211 4021 387 4074 Carantonus:
397 4023 512 4089 proxima
521 4023 687 4093 Fapvzprima
696 4023 812 4093 Lipsius,
824 4023 931 4090 plurima
942 4021 1042 4075 eoldus
1073 4019 1077 4089 Ι
1109 4018 1222 4088 quia‘stll
1238 4033 1319 4087 cupra

209 4119 259 4156 aar.
271 4102 284 4170 ΙΙ
297 4103 330 4154 14
342 4105 524 4158 inuincibiliav
550 4102 555 4172 Ι
582 4105 719 4157 stulticiam
731 4122 748 4157 v
771 4105 782 4175 ll
812 4105 844 4156 16
856 4112 984 4156 caeterum
995 4119 1013 4155 v
1035 4102 1046 4172 ll
1071 4102 1102 4154 18
1114 4105 1261 4170 quemquam
1272 4115 1290 4152 v
1311 4097 1320 4167 11

211 4186 242 4236 19
254 4187 376 4254 suscipite
387 4203 405 4238 v
427 4186 439 4257 ΙΙ
467 4187 500 4239 20
517 4187 674 4255 posthumam
685 4187 716 4253 ll,
732 4193 874 4254 postumum
884 4205 915 4257 φ,
923 4185 1067 4254 postuinum
1074 4201 1092 4237 v
1114 4185 1126 4253 11
1149 4184 1180 4235 21
1192 4182 1319 4247 intelligat

210 4266 294 4337 dpvll
310 4269 343 4322 22
354 4269 538 4336 Theopraatum
549 4269 595 4340 lup
620 4267 626 4335 Ι
651 4268 793 4321 medentum
805 4269 852 4338 up
876 4269 888 4339 l
