3226 5026
323 453 364 516 32
399 482 408 497 ·
660 447 689 503 L.
709 447 837 502 Arvnnl
850 447 1087 502 Manavnnltsts

184 539 271 580 ¹·¹⁰³¹³·
286 537 348 582 Μ’·
1342 533 1385 576 nu
1399 533 1507 578 onoma.

323 605 408 680 hane,
423 609 453 666 et
466 603 496 670 id
511 619 603 683 genus
612 602 753 664 homines
767 604 811 666 nti
824 611 858 665 tu
872 622 904 665 es
919 603 1021 666 inculti
1036 609 1065 663 et
1079 609 1219 682 agrestm,
1232 601 1306 664 tanti
1320 619 1353 663 re
1364 619 1435 662 uera

325 707 395 768 estis
410 712 553 786 quantum
567 705 690 780 hahetis,
712 713 746 768 ut
765 706 854 768 arhor
872 705 1029 768 infecunda
1048 712 1078 766 et
1091 705 1200 778 infelix,
1225 723 1299 784 quae
1318 704 1434 766 nullum

322 810 454 872 mictum
473 826 509 870 ex
528 827 594 869 sese
614 807 717 888 gignit,
737 809 811 871 tanti
831 809 926 870 estin
943 807 1171 888 protegenti
1188 807 1301 887 ligurum
1319 807 1383 868 eius
1403 807 1434 867 in

313 918 440 972 trunco.
475 917 505 972 at
522 917 621 972 tamen
642 927 728 990 parce
751 917 864 992 postea,
890 911 1058 985 Aemiliane,
1078 917 1285 992 paupertatem
1306 908 1433 990 diripiam

325 1013 479 1088 obiectare,
495 1013 545 1094 qui
558 1029 653 1093 nuper
666 1032 760 1094 usque
775 1015 899 1094 agellum
915 1015 1132 1089 Zarathensem,
1147 1033 1236 1094 quem
1249 1013 1302 1076 tibi
1311 1013 1432 1075 nnieum
1450 995 1474 1075 δ’

323 1111 407 1196 pater
419 1123 489 1178 tuus
504 1117 670 1196 reliquerat,
686 1118 768 1178 solus
782 1135 843 1178 uno
857 1117 948 1178 asello
962 1118 1000 1179 ad
1014 1117 1224 1198 tempestiuum
1238 1115 1363 1178 imhrem
1378 1115 1433 1176 tri·

321 1220 384 1282 duo
399 1219 546 1282 exarnhas.
576 1219 765 1298 nequeenim
781 1218 831 1280 diu
845 1226 899 1294 est,
916 1237 984 1280 eum
999 1226 1028 1280 te
1050 1220 1169 1282 crebrae
1182 1226 1294 1282 mortes
1308 1217 1433 1299 propin-

325 1341 453 1404 quorum
466 1321 620 1387 immeritis
634 1321 843 1384 hereditatibus
857 1323 1013 1396 fulserunt,
1028 1323 1108 1384 unde
1118 1323 1172 1384 tihi
1182 1322 1281 1403 potius
1293 1339 1382 1401 quam
1394 1319 1431 1381 oh

323 1426 411 1486 istam
425 1425 605 1491 teumimam
620 1424 724 1486 laniem
736 1423 852 1486 Charon
865 1442 976 1486 nomen
990 1432 1044 1488 est.
1446 1433 1506 1486 (⁴4⁵)

212 1541 309 1598 xxlffl
411 1527 452 1589 lte
466 1528 559 1608 patria
573 1545 638 1588 mea
652 1545 734 1602 uero,
751 1528 830 1606 quod
843 1547 909 1589 eam
924 1528 1011 1590 sitam
1025 1527 1178 1590 Numidiae
1193 1534 1222 1588 et
1237 1524 1384 1587 Gaetuliae
1398 1524 1429 1585 in
1449 1537 1481 1588 lo

323 1631 388 1712 ipso
404 1631 531 1692 confinio
553 1631 626 1692 meis
645 1629 762 1710 seriptis
783 1631 899 1693 ostendi
917 1632 1003 1706 diois,
1024 1631 1129 1711 quibus
1151 1637 1261 1692 memet
1279 1625 1431 1709 professus

323 1753 402 1808 sum,
415 1753 484 1796 enm
499 1733 631 1795 Lolliano
644 1732 732 1794 deuito
748 1733 779 1793 G.
796 1734 828 1794 V.
843 1733 1122 1822 praesentepuhlioe
1134 1733 1318 1805 dissererem,
1335 1729 1430 1791 Semi-

317 1837 476 1900 numidam
492 1843 522 1897 et
536 1835 774 1914 Semigaetulum:
796 1853 858 1898 non
877 1837 974 1911 uideo,
991 1835 1061 1917 quid
1083 1837 1155 1900 mim
1170 1838 1208 1898 sit
1229 1836 1260 1896 in
1274 1853 1308 1895 ee
1327 1852 1360 1895 re
1373 1850 1431 1912 pn-

323 1940 463 2014 dendum,
482 1939 561 2002 haud
581 1937 680 2000 minus
693 1956 789 2017 *quam
808 1939 884 2017 Cyro
897 1939 1018 2014 maiori,
1040 1939 1119 2018 quod
1139 1935 1245 2019 genere
1264 1937 1355 1998 ndito
1366 1935 1434 1996 ,unt

224 2077 227 2086 =
306 2111 310 2121 s
323 2042 508 2105 Semimedus
523 2061 556 2102 ao
571 2039 747 2123 Semipersa.
777 2041 933 2102 nonenim
947 2041 998 2102 uhi
1012 2049 1183 2121 prognatus,
1206 2041 1258 2104 sed
1277 2047 1312 2100 nt
1330 2057 1430 2100 mora·
1450 2046 1483 2096 15

280 2122 305 2178 ,s
321 2153 371 2208 tus
386 2146 510 2226 quisque
523 2145 562 2205 sit
573 2122 778 2223 ipeetandum,
793 2161 848 2204 nec
863 2161 920 2224 qua
933 2143 1062 2224 regione,
1074 2145 1129 2206 sed
1142 2162 1199 2226 qna
1212 2143 1326 2204 ratione
1340 2141 1431 2204 uitam

322 2248 432 2310 umere
446 2247 556 2320 inierit,
581 2245 830 2308 considerandum
849 2254 902 2308 est.
938 2247 1035 2309 olitori
1061 2253 1089 2307 et
1110 2246 1237 2327 cauponi
1262 2245 1367 2307 merito
1388 2251 1433 2304 est

323 2365 509 2424 eoncessum,
534 2349 599 2412 olus
624 2356 654 2410 et
671 2349 776 2411 uinum
797 2369 832 2412 en
850 2349 1000 2411 nobilitate
1015 2350 1070 2411 soli
1090 2349 1307 2421 commendare,
1327 2347 1431 2408 ninum

324 2453 475 2526 Thasium,
488 2451 553 2514 olus
568 2451 742 2514 Phliasium:
759 2453 866 2534 qnippe
880 2454 928 2514 illa
938 2461 1033 2514 terrae
1043 2451 1161 2516 alumna
1172 2453 1298 2516 multum
1314 2451 1351 2512 ad
1366 2469 1430 2518 me-

324 2555 430 2616 liorem
441 2571 579 2636 saporem
587 2551 695 2616 iuuerit
705 2561 734 2616 el
744 2555 825 2634 regio
836 2556 961 2618 fecunda
972 2562 1001 2616 et
1012 2557 1125 2618 eaelum
1135 2556 1270 2636 pluuium
1281 2562 1311 2617 et
1321 2562 1427 2618 uentus

324 2659 454 2720 clemens
468 2664 498 2718 et
511 2658 557 2720 sol
571 2657 687 2739 apricus
701 2665 731 2720 et
746 2659 844 2720 solnm
859 2659 1004 2721 suoidnm.
1039 2660 1190 2721 enimuero
1212 2659 1311 2720 animo
1333 2657 1431 2724 homi-

324 2759 371 2822 nis
386 2759 565 2823 extrinsecus
580 2761 611 2822 in
625 2761 787 2841 hospitium
801 2761 935 2842 eorporis
946 2760 1125 2841 immigranti
1144 2761 1214 2841 quid
1231 2762 1345 2824 existis
1364 2760 1430 2823 addi

323 2862 372 2926 uel
385 2861 480 2924 minui
494 2863 531 2933 ad
545 2863 686 2926 uirtutem
700 2865 749 2926 uel
762 2863 903 2928 malitiam
918 2861 1041 2946 potest?
1062 2864 1179 2944 quando
1198 2881 1261 2926 non
1281 2865 1313 2926 in
1332 2863 1430 2926 omni·

250 2985 308 3028 ru..
323 2965 380 3030 hus
400 2961 404 3050 Ι
424 2966 559 3062 gentibus
573 2966 655 3030 uaria
667 2967 783 3048 ingenia
793 2963 981 3048 prouehere?
997 2983 1164 3048 quanquam
1174 2966 1331 3031 uideantur
1341 2983 1430 3046 qnae·

1446 2537 1479 2588 20

1443 2604 1505 2660 (⁴⁴⁸)

392 3272 409 3328 2
420 3273 568 3330 infoecunda
580 3283 606 3328 et
615 3271 720 3326 infoelix
732 3291 760 3327 v:
772 3275 926 3328 altemirum
937 3271 1118 3328 recludendum
1126 3279 1203 3346 putat
1210 3275 1323 3329 Boseude
1337 3269 1342 3343 Ι
1356 3275 1433 3328 nerto

325 3372 388 3425 quea
403 3359 499 3410 nullum
514 3355 625 3410 lrnetnm
637 3373 670 3408 ex
687 3373 744 3409 sese
756 3357 836 3422 gignit
853 3357 944 3410 detaut
964 3357 1003 3410 W
1002 3373 1105 3412 ewam
1129 3357 1140 3427 Ι
1164 3360 1262 3411 3tanto
1286 3356 1431 3410 Groelotiue

323 3487 329 3558 Ι
343 3491 429 3557 presio
442 3507 459 3542 r
473 3488 478 3560 Ι
493 3448 586 3556 lignvej
601 3491 621 3542 F
633 3489 649 3573 ΙΙ
669 3449 869 3544 δέαταῑΙιοιιεοιιι
881 3511 913 3562 φ,
925 3493 1104 3553 §anetensem
1117 3493 1140 3546 V
1151 3491 1162 3561 Ι
1186 3493 1202 3542 6
1214 3492 1343 3558 hymbrom
1351 3507 1368 3542 v
1380 3487 1391 3558 Ι
1416 3491 1431 3540 'l

968 3573 1118 3626 ‹nimpe›

324 3594 594 3695 negnenunolluloiua
619 3625 624 3695 Ι
650 3628 692 3678 diu
705 3611 876 3692 estldinemv
899 3625 910 3696 Ι
934 3627 993 3692 Sed
1127 3647 1150 3699 φ
1173 3626 1183 3696 Ι
1212 3628 1335 3678 linnmen
1352 3623 1431 3694 FapV,

323 3724 415 3763 nomen
427 3708 458 3778 ςΙΙ
474 3710 503 3760 11
519 3707 618 3760 ostendi
630 3709 693 3760 diois
704 3714 807 3780 scripsi:
821 3709 934 3760 ostendis
947 3710 997 3760 seis
1010 3709 1040 3776 ll,
1054 3711 1153 3766 ostendi
1164 3709 1216 3760 seis
1225 3726 1277 3778 φνι
1295 3707 1431 3761 ostendisti

325 3789 491 3848 Caesulenus
506 3788 511 3858 Ι
526 3789 614 3858 qulbus
626 3800 717 3843 memet
729 3792 816 3842 uerbis
827 3806 844 3841 v
858 3788 864 3858 Ι
878 3789 1021 3856 professum
1033 3792 1053 3843 F
1071 3789 1083 3859 Ι
1099 3793 1130 3844 12
1142 3792 1220 3844 Auito
1229 3789 1268 3841 ou'
1281 3791 1335 3858 Fp,
1353 3788 1430 3840 Auito

324 3871 346 3924 V
357 3869 366 3940 ΙΙ
378 3870 410 3922 13
422 3871 601 3936 Semigetulum
613 3890 635 3942 φ
651 3873 655 3937 Ι
671 3873 729 3924 n'ni.
748 3871 806 3923 ldeo
820 3873 878 3939 qnid
890 3872 948 3924 mihi
960 3873 994 3924 sit
1005 3873 1036 3939 F,
1048 3873 1122 3925 uideo
1136 3875 1194 3942 quid
1204 3889 1253 3926 om.
1267 3890 1290 3941 φ
1302 3869 1313 3940 ΙΙ
1327 3872 1358 3922 14
1371 3870 1428 3921 Ciro

323 4003 345 4058 1⁴*
360 4003 369 4074 ΙΙ
385 3979 419 4058 Ι15
431 3953 448 4058 ri
460 4013 573 4060 moratus
586 4026 609 4078 φ
621 4007 631 4078 ΙΙ
649 4008 681 4059 16
694 4009 855 4074 spectandum
867 4016 942 4079 estap
958 4007 969 4076 Ι
988 4010 1018 4060 17
1031 4010 1171 4061 instituerit
1183 4009 1289 4062 naneae
1303 4003 1308 4076 Ι
1327 3995 1431 4058 holitori

324 4084 370 4155 na
392 4085 404 4158 Ι
425 4088 576 4158 ῙΒΙιοΙιιεφ
593 4087 603 4158 ΙΙ
621 4089 652 4140 19
665 4089 816 4159 alumpnarp
838 4088 849 4158 Ι
870 4089 1036 4142 infoecunda
1052 4107 1093 4160 pv
1116 4088 1126 4159 Ι
1147 4091 1177 4142 21
1194 4083 1341 4158 stomoma>
1364 4087 1374 4155 Ι
1398 4087 1431 4140 22

323 4219 574 4374 lpospitalplioesolra
597 4221 608 4292 Ι
633 4173 852 4292 tenestinae,
865 4225 1047 4296 maliciamvl
1076 4227 1109 4278 24
1122 4236 1321 4296 quemquamst
1346 4223 1352 4292 Ι
1379 4222 1434 4288 lui·

342 4317 416 4375 amp
599 4339 600 4344 κ
