3226 5026
626 471 815 524 canusino
881 518 882 528 ,
1169 440 1171 443 ’
1214 495 1272 535 xvn

166 631 270 698 meriti
300 639 375 696 sunt
402 629 603 716 Iosephus
627 623 815 710 Scaliger
840 625 875 691 'et
900 624 1095 692 Claudius
1119 623 1271 692 Salma-

65 800 68 817 ,
166 737 260 804 sius.
307 736 353 801 Et
381 733 552 801 Salmasi
582 732 711 820 quidem
734 730 810 796 olim
835 740 903 796 erat
926 731 1074 798 editionis
1099 732 1271 798 Vulcania-

65 824 68 855 ἲ
165 867 227 910 nae
249 842 372 931 primae
397 840 440 929 (a.
461 837 560 927 1594)
585 839 750 926 exemplar
767 836 821 926 (N.
837 837 913 904 345.
938 836 1047 925 aasz),
1073 837 1163 905 cuius
1179 862 1272 904 usum

165 947 403 1014 Bethmanni
435 945 649 1014 bibliothecae
673 943 948 1030 Guelferbytanae
976 945 1132 1031 praefecti
1161 945 1271 1012 huma-

167 1056 251 1122 nitas
274 1055 353 1120 mihi
378 1052 546 1119 concessit.
592 1051 749 1140 plurimae
777 1059 850 1116 sunt
873 1073 953 1137 quas
976 1050 1009 1116 in
1033 1049 1179 1137 margine
1203 1049 1272 1116 Sal-

165 1161 284 1226 masius
308 1159 478 1246 adscripsit
500 1159 644 1224 notulae:
669 1166 780 1223 carent
802 1178 882 1223 vero
905 1155 1140 1243 significatione
1163 1157 1272 1240 fontis,

166 1267 251 1334 unde
265 1268 408 1348 ¹haustae
433 1265 506 1348 sint,
531 1286 653 1345 omnes,
677 1265 722 1329 ita
745 1273 781 1329 ut
803 1285 869 1330 non
888 1286 1014 1351 semper
1029 1262 1185 1350 distingui
1200 1285 1271 1351 pos-

165 1375 221 1458 sit,
252 1383 359 1439 utrum
389 1371 524 1436 aliorum
553 1393 595 1436 an
623 1370 723 1457 ipsius
752 1369 814 1436 viri
843 1369 1043 1434 celeberrimi
1067 1369 1272 1435 coniecturae

165 1481 229 1545 sint
252 1503 293 1542 an
317 1476 438 1542 codicis
463 1475 629 1540 deterioris
652 1475 814 1540 Fuxensis
837 1474 1001 1556 lectiones,
1031 1475 1122 1541 euius
1146 1474 1271 1560 copiam

165 1609 199 1650 se
222 1583 374 1648 habuisse
397 1589 507 1646 narrat
530 1585 573 1644 od
594 1582 687 1644 Solia.
706 1603 739 1662 p.
756 1581 830 1646 662.
868 1602 952 1666 quae
975 1580 1052 1645 mihi
1078 1579 1207 1666 quidem
1232 1603 1271 1644 ex

165 1688 296 1776 ingenio
321 1685 458 1753 Salmasi
481 1686 626 1773 profecta
643 1666 836 1752 videbantur
853 1685 1054 1770 diorthotica,
1081 1685 1188 1751 omnia
1203 1685 1272 1773 ipse

166 1793 310 1876 excussi,
342 1815 416 1857 eum
440 1791 606 1878 exemplar
629 1790 718 1876 illud,
743 1791 833 1858 cuius
856 1792 890 1856 in
913 1793 1019 1858 fronte
1041 1792 1161 1879 legitur
1184 1794 1271 1856 ‹Sat-

67 1901 68 1904 ’
164 1903 257 1964 masii
279 1907 349 1979 coh,
377 1897 518 1963 nondum
541 1919 581 1962 ea
605 1919 668 1984 qua
691 1921 750 1985 par
773 1906 821 1964 est
844 1898 1051 1964 accuratione
1075 1900 1116 1965 ab
1144 1898 1271 1964 editori-

164 2007 225 2070 bus
248 2003 427 2070 adhibitum
449 2001 641 2088 viderem1)

252 2109 367 2197 Magni
391 2118 498 2175 autem
522 2106 728 2196 Scaligeri
752 2108 857 2175 studia
872 2107 1054 2198 Apuleiana
1077 2111 1111 2174 in
1134 2109 1272 2179 editione

164 2217 368 2283 Vulcaniana
392 2213 533 2280 secunda
556 2213 599 2302 (a.
620 2213 718 2300 1600)
744 2223 864 2295 extant,
889 2215 928 2280 de
952 2216 1106 2302 qua-vide
1122 2220 1271 2300 Beraopo.

165 2326 278 2407 Scolip.
300 2346 330 2406 p.
348 2323 422 2388 289.
460 2341 600 2411 namque
623 2320 718 2385 huius
742 2319 890 2386 editionis
913 2322 953 2387 ab
970 2321 1145 2388 editoribus
1161 2345 1270 2387 recen-

165 2429 307 2510 tissimis,
331 2427 478 2492 Bosscha
500 2435 533 2490 et
555 2413 955 2514 Hildebrandio,'prorsus
978 2429 1148 2514 neglectae
1164 2439 1271 2495 aucto-

165 2559 234 2602 rem
258 2557 328 2600 csse
351 2531 553 2620 Scaligerum
576 2532 763 2621 aequalibus
788 2532 855 2598 eius
879 2557 1065 2620 persuasum
1096 2545 1173 2602 erat.
1222 2559 1271 2602 ce-

165 2652 270 2708 terum
303 2642 422 2706 frustra
455 2648 646 2725 argumenta
675 2639 905 2727 circumspexi,
941 2640 1057 2726 quibus
1086 2664 1154 2708 rem
1184 2651 1273 2708 extra

166 2747 398 2814 dubitationem
421 2767 585 2832 ponerem.
624 2744 689 2810 adii
712 2747 944 2829 ‹Scaligerauw
968 2769 1050 2834 quae
1074 2747 1224 2814 dicuntur
1242 2758 1273 2814 et

165 2851 323 2941 Scaligeri
348 2852 510 2940 epistulas,
535 2873 608 2916 curn
631 2851 664 2918 in
686 2850 736 2916 his
759 2850 933 2940 vestigium
954 2853 1084 2940 aliquod
1105 2853 1190 2921 illius
1207 2854 1271 2920 edi·

166 2959 261 3027 tionis
295 2983 347 3026 me
377 2957 649 3049 deprehensarum
682 2981 751 3022 esse
781 2980 960 3045 sperarem:
996 2959 1058 3024 adii
1090 2958 1272 3030 Oasauboni

165 3068 398 3150 ‹ephemerides›
425 3068 570 3148 (Oronti,
601 3087 629 3128 a.
654 3062 770 3150 1850),
802 3085 874 3128 cum
897 3059 1098 3150 Scaligerum
1127 3075 1272 3153 putarem

166 3172 206 3238 ad
236 3161 375 3238 amicum
403 3169 568 3258 exemplar
592 3166 740 3234 editionis
764 3191 840 3234 suae
863 3170 952 3234 velut
976 3164 1126 3251 ἇντίδωρον
1149 3170 1272 3236 misisse

166 3289 199 3343 et
226 3279 312 3345 hunc
342 3279 375 3346 in
402 3277 483 3344 actis
507 3276 569 3342 illis
593 3274 715 3342 diurnis
740 3297 780 3339 ex
803 3295 892 3340 more
917 3274 1011 3363 su02)
1036 3275 1069 3342 id
1092 3274 1271 3342 adnotasse.

174 3439 367 3449 -ψ-ῥ--η-

237 3510 263 3574 1)
284 3507 423 3576 Specimen
440 3505 521 3562 huius
540 3505 674 3571 editionis,
694 3504 852 3558 varietatem
871 3504 931 3560 dico
949 3505 1074 3562 lectionis
1092 3507 1127 3561 ad
1144 3507 1228 3561 libros
1241 3507 1274 3561 de

165 3591 276 3656 mundo,
300 3590 333 3646 de
351 3592 533 3660 philosophia,
556 3590 590 3644 de
608 3590 658 3644 deo
677 3589 804 3656 Socratis,
824 3589 858 3644 ad
875 3588 1032 3646 floridorum
1049 3591 1134 3646 libros
1152 3593 1274 3657 I-IIII,

166 3673 201 3725 ad
222 3673 357 3740 dialogum
374 3675 510 3730 Hermetis
528 3675 685 3742 Trimegisti
707 3679 734 3728 et
756 3675 1007 3744 metamorphoseon
1028 3677 1112 3730 libros
1130 3676 1227 3730 I-VI
1245 3677 1273 3729 in

168 3757 249 3808 Iabni
266 3761 354 3812 cnud.
373 3762 456 3826 suppl.
475 3779 500 3814 a.
520 3765 597 3814 1842.
632 3761 674 3811 VI
684 3779 714 3827 p.
734 3764 885 3813 oar-638
907 3759 1010 3827 publici
1033 3761 1100 3815 iuris
1125 3759 1191 3813 fecit
1208 3775 1272 3814 ano-

166 3856 261 3910 nymus
280 3841 399 3907 quidam:
422 3842 492 3896 unde
509 3844 554 3897 hic
571 3843 704 3910 hauserit,
724 3859 791 3911 quae
811 3843 1023 3897 deiectionibus
1043 3843 1142 3910 dialogi
1160 3844 1273 3898 Herme-

166 3926 201 3980 tis
212 3925 369 3992 Trimegisti
378 3926 463 3992 affert,
474 3926 598 3994 equidem
606 3928 709 3994 nesci03
724 3931 796 3981 certe
807 3926 953 3982 Salmasius
963 3926 1057 3980 adhoc
1067 3927 1196 3994 scriptum
1205 3926 1274 3980 nihil

165 4009 322 4148 moilvll't
341 4079 492 4149 exemplum
511 4079 628 4148 afferam,
650 4083 718 4136 haec
736 4082 844 4151 scripsit
863 4081 1037 4156 Qasaubonus
1055 4081 1122 4135 Idib.
1142 4082 1273 4137 Februar.

165 4182 189 4220 a.
214 4167 296 4221 1600:
321 4165 624 4234 ‘Manilium.Scaliqeri
649 4170 736 4234 occepi
758 4169 834 4220 bodie
857 4177 880 4219 et
902 4168 991 4219 literas
1010 4185 1027 4218 a
1046 4168 1135 4219 diuino
1156 4169 1200 4219 illo
1218 4171 1275 4220 viro

165 4254 255 4304 arente
271 4252 454 4320 gratissimam.
859 4280 861 4284 ‚
