3226 5026
662 447 853 510 murnum
1275 471 1312 518 xv
1444 471 1446 474 ·

201 627 310 672 meum
326 603 474 674 criticum
486 621 621 675 onerare
635 602 726 676 uolui
741 602 827 674 mole
840 601 897 670 illo
907 600 1185 674 Hildebrandiaua
1199 603 1310 674 lectio·

202 733 280 780 num
308 709 520 794 deteriorum,
549 732 632 798 quae
660 708 791 798 quidem
820 707 916 776 hodie
939 717 1108 782 stemmate
1127 709 1251 798 apulei
1274 709 1315 790 li-⁴

201 816 335 886 brorum
370 815 663 905 manuscriptorum
700 814 830 906 cognito
864 836 931 882 uon
963 815 1026 884 nisi
1060 839 1119 906 pro
1146 818 1311 888 erroribus

201 922 371 989 habendae
393 932 468 990 sunt
489 923 542 990 vel
564 945 623 1011 pro
646 921 949 1012 interpolationibus
972 943 1014 988 ex
1036 923 1159 998 librarii
1178 923 1312 994 arbitrio
1376 947 1380 954 ·

202 1029 369 1120 scriptoris
396 1030 504 1098 verbis
533 1029 689 1098 immixtis
712 1029 765 1096 vel
787 1050 846 1117 pro
871 1027 1083 1100 coniecturioz
1112 1031 1190 1098 satis
1213 1030 1313 1118 igitur

201 1135 312 1218 habui,
335 1135 417 1202 hanc
440 1157 539 1224 quam
561 1137 729 1224 vulgatam
751 1134 864 1202 dicunt
885 1134 1058 1202 lectionem
1076 1133 1125 1224 (ς)
1149 1159 1215 1206 nou
1229 1161 1312 1208 uuu-

203 1264 300 1329 quam
333 1240 368 1307 in
403 1241 559 1310 auxilium
592 1265 721 1310 vocare.
775 1251 888 1308 eontra
920 1241 1001 1306 nihil
1029 1242 1193 1330 antiquius
1222 1241 1312 1326 duxi,

202 1370 300 1435 quam
328 1355 365 1416 ut
390 1356 547 1436 apparatu
575 1371 648 1418 meo
676 1348 853 1436 imaginem
880 1346 1028 1416 codicum
1051 1346 1313 1416 Florentiuorum

202 1476 222 1519 a
255 1475 308 1518 me
341 1451 559 1520 adhibitorum
588 1463 866 1541 repraesentarem
900 1475 998 1540 quom
1027 1453 1311 1522 accuratissimam.

203 1581 266 1644 quo
282 1557 430 1626 consilio
460 1579 502 1624 ne
530 1558 679 1625 minimas
708 1557 841 1646 quidem
863 1578 916 1625 res
940 1557 1034 1624 omisi
1056 1558 1205 1626 codicum
1226 1559 1311 1627 Lau-

202 1663 424 1732 rentianorum
446 1663 597 1730 LXVIII
619 1665 640 1730 2
664 1673 698 1730 et
720 1662 893 1732 XXVIIII
915 1665 953 1745 2,
977 1686 1059 1751 quos
1081 1663 1197 1732 Iahnio
1220 1688 1312 1753 prae-

203 1779 299 1838 eunte
328 1769 456 1858 signavi
483 1767 586 1836 literis
609 1769 638 1836 F
666 1779 699 1836 et
726 1791 763 1858 φ.
794 1768 907 1836 eadem
936 1791 1014 1836 cura
1035 1769 1163 1838 Victori
1184 1771 1313 1840 notabo

203 1875 384 1964 exprimere
419 1874 542 1958 studui,
576 1875 688 1963 putavi
716 1884 824 1946 autem
852 1874 910 1942 hus
938 1876 1032 1942 litera
1060 1877 1092 1942 V
1122 1876 1266 1964 signatas
1293 1899 1314 1944 a

203 1981 396 2049 lectionibus
420 1981 570 2054 editionIs
592 1981 738 2066 (Vioent.
762 2004 809 2069 pr.
833 2005 861 2047 a.
888 1981 988 2069 1488)
1011 1982 1131 2050 abillo
1154 2005 1219 2050 non
1243 2005 1312 2050 cor·

204 2087 301 2152 rectis
324 2086 540 2174 seiungendas
563 2109 648 2154 esse:
671 2087 730 2154 has
752 2085 852 2175 igitur
874 2086 969 2154 litera
991 2111 1012 2153 v
1035 2088 1164 2156 indicat

293 2193 333 2259 In
360 2202 452 2260 textu
481 2193 705 2260 constituendo
735 2191 814 2259 mihi
848 2200 918 2258 erat
946 2215 1096 2280 supremo
1123 2195 1193 2278 lex,
1229 2204 1265 2262 ut
1292 2219 1313 2264 a

203 2297 395 2364 lectionibus
422 2299 543 2364 codicis
566 2297 776 2366 Laurentiani
798 2296 949 2364 LXVIII
972 2301 993 2364 2
1024 2299 1144 2387 ubique
1166 2301 1311 2388 proficis·

205 2426 281 2468 oens
310 2427 469 2492 nusquam
498 2406 707 2493 neglegerem
735 2403 890 2470 lectiones
919 2403 1051 2470 alterius
1082 2405 1202 2472 codicis
1225 2407 1311 2476 Lau-

204 2509 342 2576 rentiani
364 2510 537 2578 XXVIIII
554 2513 574 2576 2
599 2521 632 2578 et
654 2509 775 2577 codicis
792 2509 974 2576 Victoriani
995 2509 1083 2577 haud
1104 2534 1178 2580 raro
1200 2514 1312 2580 lectio·

204 2615 299 2682 nibus
333 2617 454 2683 mutilis
488 2617 609 2684 codicis
642 2615 728 2682 illius
763 2615 907 2703 primarii
940 2615 1099 2684 medelam
1129 2619 1311 2686 afferentes.

204 2745 302 2808 quam
324 2723 431 2810 legem
449 2746 524 2790 cunr
541 2723 724 2811 explorabis
741 2744 805 2810 qua
821 2720 1001 2787 constantia
1017 2732 1146 2790 secutus
1162 2724 1233 2809 sim,
1244 2759 1245 2762 ¹
1256 2748 1311 2792 vc·

202 2827 260 2896 lim
286 2851 328 2894 ne
351 2828 569 2910 obliviscaris,
596 2828 746 2896 omnibus
768 2828 831 2894 illis
854 2827 944 2909 locis,
970 2826 1087 2916 quibus
1109 2829 1150 2898 de
1172 2830 1311 2898 lectione

203 2933 352 3000 codicum
381 2934 411 2999 F
438 2936 491 3002 vel
514 2954 540 3018 φ
562 2935 616 3000 vol
639 2933 744 3024 V(v)
773 2934 854 3000 nihil
881 2933 1003 3001 dictum
1026 2943 1076 3000 est
1097 2935 1131 3000 in
1154 2947 1311 3024 apparatu

204 3039 333 3121 critico,
360 3041 461 3107 verba
489 3041 654 3128 scriptoris
680 3041 715 3106 in
738 3040 850 3106 codice
873 3039 901 3104 F
924 3040 978 3106 vel
1000 3064 1027 3129 φ
1049 3041 1103 3108 rel
1124 3041 1156 3106 V
1179 3041 1193 3128 (
1215 3040 1230 3129 )
1252 3043 1311 3108 tali

202 3146 306 3212 forma
330 3155 450 3227 extare,
476 3147 604 3233 qualem
627 3156 735 3215 textus
759 3145 917 3212 exhibeat
962 3167 1078 3212 moneo
1101 3145 1163 3212 hoo
1186 3148 1310 3234 praeci·

202 3272 265 3338 pue
290 3259 423 3339 propter
445 3273 497 3316 res
520 3251 785 3341 orthographicas
807 3251 842 3316 in
865 3249 1022 3338 scriptore
1044 3250 1200 3318 Africano
1223 3251 1310 3320 illius

188 3357 357 3444 'temporis
380 3355 505 3424 edendo
528 3359 674 3445 proiecto
699 3357 914 3440 difficillimas,
937 3356 972 3422 in
996 3357 1112 3444 quibus
1135 3379 1251 3427 vereor
1268 3381 1311 3426 ne

203 3463 281 3528 vitio
297 3463 377 3530 mihi
391 3472 547 3547 vertatur,
563 3464 651 3553 quod
665 3487 732 3532 non
744 3486 871 3552 semper
882 3462 962 3528 mihi
974 3463 1181 3531 constiterim.
1211 3465 1310 3534 malui

203 3578 310 3636 autem
337 3569 495 3640 librorum
523 3570 816 3659 manuscriptorum
840 3569 1081 3656 auctoritatem,
1112 3570 1220 3658 quoad
1242 3571 1311 3640 eius

157 3664 159 3672 ’
204 3671 275 3736 fieri
289 3684 423 3759 poterat,
447 3677 482 3742 in
501 3676 552 3742 his
567 3678 664 3744 rebus
680 3687 801 3760 tenere,
826 3697 922 3763 quam
938 3676 1138 3765 scriptorem,
1161 3677 1203 3743 de
1219 3679 1310 3746 cuius

124 3784 127 3790 '
204 3797 324 3862 genere
347 3779 507 3848 scribendi
530 3782 635 3850 adhuc
657 3783 739 3850 nihil
758 3784 828 3850 fere
844 3790 979 3865 constat,
1003 3782 1045 3848 ad
1060 3791 1164 3850 certas
1178 3805 1310 3853 normes

204 3889 237 3946 et
260 3883 389 3970 regulas
409 3886 574 3954 scribendi
596 3889 762 3977 redigere,
792 3910 873 3976 quas
896 3886 1038 3975 pristinis
1062 3887 1198 3956 saeculis
1221 3898 1255 3956 et
1276 3889 1310 3956 iu

203 3985 275 4054 aliis
297 3989 392 4056 terris
415 3990 555 4060 valuisse
577 3993 704 4064 scimus.

292 4201 426 4272 Praeter
448 4202 606 4272 editiones
630 4204 808 4288 Floridi‚
832 4204 1124 4292 Illmenhorsti‚
1148 4206 1309 4276 Ouden-
