3232 5028
539 517 542 522 .
658 468 828 527 moreau
1258 475 1297 540 ⁶1

111 563 156 604 tta
172 559 275 604 odienda
1273 559 1290 600 1.
1298 559 1358 601 uta
1372 560 1389 602 1.
1398 559 1446 605 Μ.

184 629 257 694 deor
271 627 307 691 de
321 626 415 690 nitrilo
429 630 629 708 percontatus,
651 643 690 688 an
709 632 789 689 esset
808 625 925 690 mulieri
942 624 985 690 illi
1000 632 1091 708 caput
1110 643 1210 708 graue,
1229 640 1296 690 cer-

184 733 378 814 uixtorpens,
389 729 659 810 temporapnlsato,
675 747 761 792 aures
770 747 906 792 sonorae.
921 735 1063 804 ceterum,
1080 725 1085 815 Ι
1101 729 1296 810 quoddexte-

184 853 235 900 rae
248 834 328 898 auris
343 833 505 897 crebriores
525 832 649 896 tinnitus
668 831 823 906 fatebatur,
844 831 963 912 signum
982 839 1046 894 erat
1062 831 1160 894 morbi
1179 832 1296 912 penitus

186 937 289 1002 adacti.
318 957 388 1000 nam
403 936 521 1000 dextera
540 936 675 1016 corporis
689 935 830 998 ualidiora
845 941 924 1010 sunt,
945 953 1039 1016 eoque
1058 935 1157 998 minus
1177 935 1241 1015 spei
1260 934 1297 998 ad

150 1051 166 1104 t
186 1041 342 1125 sanitatem
355 1040 534 1120 relinquunt,
550 1058 619 1102 cum
634 1038 740 1120 etipsa
754 1037 926 1117 aegritudini
946 1038 1151 1100 succumbunt.
1181 1035 1296 1100 Aristo·

186 1143 259 1206 teles
274 1143 346 1204 adeo
361 1143 393 1204 in
406 1141 598 1224 problematis
611 1141 754 1221 scriptum
775 1139 902 1220 reliquit,
923 1139 1158 1220 quibuscumque
1181 1139 1297 1224 caducis

187 1263 204 1306 a
219 1246 338 1308 dextero
353 1243 477 1308 morbus
493 1243 626 1324 occipiat,
641 1261 745 1306 eorum
760 1260 825 1304 esse
840 1241 1036 1305 difficiliorem
1049 1243 1203 1326 medeQ.
1230 1243 1297 1306 lon·

187 1365 258 1428 gum
272 1353 326 1422 est,
343 1347 366 1408 si
382 1347 473 1411 uelim
487 1345 684 1427 Theophrasti
699 1363 816 1425 quoque
831 1345 1006 1408 sententiam
1021 1345 1059 1407 de
1071 1346 1177 1408 eodem
1191 1343 1296 1407 morbo

90 1503 91 1511 ,
118 1474 176 1528 (cn)
190 1466 358 1526 recensere3
379 1457 424 1512 est
443 1449 523 1510 enim
543 1449 631 1510 etiam
651 1448 713 1510 eius
733 1448 866 1528 egregius
885 1447 959 1511 liber
978 1448 1014 1510 de
1033 1447 1159 1510 caducis.
1191 1445 1297 1527 quibus

136 1565 168 1617 td
188 1559 288 1615 umen
305 1553 337 1614 in
356 1551 412 1614 alio
430 1551 515 1626 libro,
536 1569 625 1630 quem
644 1551 681 1612 de
698 1549 898 1614 inuidentibus
918 1551 1092 1614 animalibus
1111 1548 1297 1630 conscripsit,

152 1677 176 1718 a
188 1654 319 1718 remedio
334 1673 399 1718 esse
414 1655 454 1716 ait
467 1653 587 1716 ernanus
603 1653 781 1728 stellionum,
798 1670 870 1732 quas
884 1655 966 1716 uelut
972 1645 1102 1716 ‘senium
1122 1671 1205 1716 more
1219 1657 1299 1714 ecte-

189 1775 294 1820 rorum
309 1757 491 1838 serpentium
504 1755 689 1836 temporibus
710 1754 828 1817 statutis
848 1762 964 1818 eruant.
994 1755 1046 1818 sed
1065 1755 1123 1818 nisi
1141 1753 1298 1842 confestim

188 1859 307 1939 eripies,
321 1859 487 1940 malignone
501 1857 653 1940 praesagio
667 1873 706 1918 an
720 1857 845 1925 naturali
859 1857 1023 1938 adpetentia
1036 1857 1101 1918 iiico
1117 1863 1299 1920 conuertun-

189 1967 240 2026 tur
253 1968 282 2026 et
296 1962 449 2029 deuorant.
478 1963 551 2024 baec
564 1946 672 2026 idcirco
687 1961 930 2036 commemoraui,
945 1960 1089 2022 nobilium
1104 1957 1299 2040 philosopho·
1356 1989 1359 2000 ·

138 2073 170 2124 tt
190 2082 258 2127 rum
273 2063 420 2144 disputata
434 2065 523 2126 simul
537 2070 566 2124 et
580 2063 671 2126 libros
687 2062 788 2124 sedulo
804 2063 956 2128 nominaui
974 2081 1029 2125 nec
1046 2062 1141 2122 ullum
1155 2079 1191 2122 ex
1204 2058 1300 2122 medi·

190 2167 232 2230 eis
247 2174 297 2228 aut
311 2167 407 2248 poetis
421 2167 504 2229 uolui
518 2167 669 2246 attingere,
691 2171 724 2226 ut
738 2163 786 2226 isti
806 2164 942 2228 desinant
955 2163 1065 2237 mirari,
1086 2162 1112 2224 si
1130 2161 1299 2242 philosophi

191 2274 293 2350 suapte
307 2269 441 2332 doctrina
455 2287 558 2332 causas
572 2267 750 2330 morborum
764 2273 793 2328 et
806 2267 936 2330 remedia
946 2272 1106 2330 nonerunt.
1133 2263 1221 2344 igitur
1231 2278 1300 2326 cum
1375 2271 1378 2276 ’

192 2372 228 2436 ad
243 2371 457 2452 inspiciendum
472 2371 579 2434 mulier
593 2389 680 2451 aegra
693 2369 853 2432 unctionis
867 2370 958 2450 gratia
979 2369 1015 2433 ad
1034 2386 1082 2428 me
1096 2367 1237 2448 perducta
1251 2365 1299 2440 sit,

120 2491 179 2546 (err)
193 2481 280 2554 atque
294 2470 353 2536 hoc
366 2481 395 2538 et
410 2474 514 2537 medici
529 2474 715 2537 confessione
730 2473 781 2552 qui
795 2471 914 2540 adduxit
933 2473 969 2534 ad
989 2489 1085 2534 meam
1102 2467 1301 2532 ratiocinatio.-

99 2590 120 2631 ,s
138 2592 172 2643 2⁰
193 2595 263 2640 nem
277 2583 355 2642 recte
369 2577 480 2640 iactum
495 2596 560 2640 esse
574 2564 744 2639 adnueniat:
765 2581 816 2643 aut
831 2575 1021 2649 constituant,
1042 2573 1119 2652 mogi
1133 2578 1163 2633 et
1176 2569 1300 2634 malefici

191 2679 322 2743 hominis
337 2698 401 2742 ease
416 2680 529 2742 morbis
545 2679 665 2755 mederi,
681 2685 732 2742 aut
746 2677 771 2740 si
785 2678 844 2740 hcc
858 2678 954 2741 dicere
974 2695 1035 2740 non
1055 2675 1173 2748 audent,
1188 2675 1317 2738 rouen--

191 2787 250 2856 tur,
266 2801 298 2846 se
312 2783 343 2844 in
357 2801 449 2862 puero
466 2778 479 2867 ss
494 2789 523 2844 et
537 2783 661 2846 muliere
675 2780 794 2847 caducis·
811 2798 904 2846 uanas
924 2787 954 2845 et
967 2797 1092 2862 prorsus
1108 2777 1231 2842 caducas
1251 2793 1301 2840 ca·
1315 2792 1332 2833 r.
1347 2791 1410 2836 rien.

191 2885 319 2950 lumniae
333 2885 503 2950 intendisse.

211 3077 225 3124 6
245 3076 384 3126 Aristotelis
402 3075 492 3140 fragm.
511 3076 549 3127 ed.
569 3075 636 3126 Rose
654 3090 680 3140 p.
699 3076 760 3124 att.
1209 3105 1212 3114 Δ

211 3159 329 3210 thaert.
346 3160 421 3224 Diog.
440 3159 464 3209 V
483 3161 588 3210 42-43
608 3158 674 3229 (περὶ
691 3145 830 3223 teulidauc
852 3152 887 3222 α’,
915 3153 970 3224 περὶ
993 3143 1040 3206 adr
1062 3141 1127 3232 ζῷων
1148 3139 1199 3206 ὅσα
1221 3152 1264 3204 λι-

245 3259 316 3310 pecua
335 3242 438 3310 φθονεῖν
456 3232 502 3308 α’).

196 3327 227 3382 11
247 3327 312 3380 Plih.
329 3335 382 3382 net.
400 3328 459 3382 hiat.
476 3327 554 3380 XXX
574 3329 616 3395 to,
635 3325 750 3380 87-89.

263 3519 418 3596 l3nichilop
453 3516 463 3587 l
498 3517 632 3571 baumer
657 3514 662 3584 l
692 3529 804 3570 sonorae
819 3521 970 3582 atteratur,
991 3529 1084 3568 sonora
1102 3521 1129 3568 et
1142 3521 1255 3568 ceterum
1270 3513 1300 3582 F,

194 3632 299 3670 eonor..
313 3626 340 3669 et
352 3628 465 3671 ceterum
476 3634 508 3686 φ,
522 3631 616 3667 sonora
628 3623 655 3667 et
666 3623 795 3666 caeterum
807 3631 825 3666 v
843 3613 848 3682 l
868 3598 945 3666 derha
958 3630 990 3684 φ,
1003 3615 1109 3666 dextrae
1122 3630 1139 3667 r
1156 3613 1167 3683 l
1186 3615 1204 3665 4
1216 3615 1301 3668 exacti

193 3696 360 3766 Stewaobiua,
376 3698 476 3749 adaucti
494 3695 638 3751 Groslotius
670 3695 680 3765 ll
713 3697 728 3747 5
745 3695 897 3760 aegritudini
909 3695 1073 3748 succumbunt
1086 3712 1110 3761 ς,
1136 3696 1300 3760 aegritudinis

193 3778 344 3829 accumbunt
355 3778 425 3848 Fch
449 3776 460 3848 ΙῙ
484 3775 669 3831 tseriommv
695 3776 702 3846 Ι
727 3775 955 3844 quibuscumquae,
973 3777 1062 3843 quibus
1075 3793 1137 3845 eque
1154 3777 1229 3847 Frpv:
1245 3765 1300 3845 qui·

193 3859 290 3926 busque
311 3859 452 3924 Acidaliae,
476 3875 554 3929 aeque
572 3859 684 3927 reliquit,
705 3859 795 3926 quibus
811 3859 1019 3926 longemanum
1050 3857 1061 3926 l
1089 3858 1300 3911 tornutionibus

194 3938 264 4010 nov
277 3942 312 4005 (et
321 3940 509 4006 Carantonusl:
522 3958 572 3993 non
582 3939 725 3993 uidentibus
738 3957 751 3998 ς
766 3938 771 4009 Ι
785 3937 969 3992 conscribsitV
982 3937 992 4006 ΙΙ
1005 3940 1034 3991 11
1049 3938 1155 3990 exubiae
1167 3939 1213 3994 FV
1226 3938 1232 4010 Ι
1248 3948 1301 3992 atc-

193 4021 289 4074 lionum
301 4021 347 4076 FV
371 4019 379 4090 Ι
405 4030 564 4075 caeterorum
576 4039 594 4074 v
615 4021 626 4091 ΙΙ
652 4024 683 4076 13
695 4022 812 4091 presagia
825 4021 846 4076 F
869 4019 874 4089 l
900 4020 1045 4088 adpetentia
1056 4019 1110 4087 FV,
1123 4021 1266 4088 appetentia
1278 4039 1302 4092 φ

191 4154 197 4224 Ι
222 4157 328 4228 illieorp
353 4153 364 4225 l
389 4158 421 4210 14
433 4157 557 4210 iccircov
582 4158 587 4224 Ι
607 4115 828 4227 ῗῗῗῐιουοτιιιίφ
851 4153 862 4225 ΙΙ
884 4156 1028 4210 ibadaaca
1040 4155 1234 4209 ratiocinatione
1247 4157 1301 4227 dp,

193 4239 225 4290 ad
233 4253 313 4290 meam
325 4238 544 4292 ratiocinationem
555 4255 584 4292 va
595 4254 627 4291 ae
637 4253 693 4292 mea
704 4239 898 4292 nundinatione
909 4236 1016 4293 Μήνα
1048 4235 1059 4307 ΙΙ
1091 4238 1124 4290 22
1137 4239 1182 4290 rod
1194 4253 1302 4304 preraua

193 4317 214 4369 F
236 4317 245 4386 l
267 4320 300 4371 23
312 4320 466 4388 calumpniae
478 4337 502 4392 φ
524 4319 536 4391 l
