3226 5026
653 407 822 464 amanum
1235 416 1276 477 47

100 495 146 536 Ed.
161 493 265 538 Mani.
1259 497 1344 540 ullas.
1359 501 1428 543 llus.

172 563 285 625 lurtiam
304 569 335 624 et
357 561 538 626 cothurnum
557 561 725 638 lacnnrliaa,
743 581 798 626 aar
816 564 857 626 ita
874 565 1002 628 multum
1025 585 1131 630 omnes
1152 566 1280 629 abluisse

172 667 242 744 quin
258 672 459 728 ancusatorsm
474 664 573 745 potius
585 666 747 727 dementiae
761 667 1000 730 mndamnarsnt.
1184 677 1186 681 “

255 767 399 830 Inuenisti
417 775 451 830 tu
470 764 600 829 librum?
622 767 724 829 beasti.
765 769 837 830 cado
858 770 953 832 enim:
973 771 1167 851 experiamur,
1194 789 1232 833 an
1251 778 1280 832 ut

172 869 245 931 mihi
260 869 376 950 possint
389 870 420 932 in
435 868 542 932 iudicio
557 870 657 932 literae
671 888 753 932 meae
767 872 919 951 prodesse.
953 873 1015 952 lege
1030 891 1122 952 pauca
1141 874 1177 935 de
1196 874 1279 953 prin·

135 986 151 1036 5
171 972 259 1052 cipio,
281 972 351 1035 asin
371 972 514 1053 quasdam
533 971 570 1034 ds
590 971 729 1052 piscibus.
765 982 795 1034 at
807 981 841 1035 tu
855 973 975 1049 interea,
991 973 1062 1040 dum
1076 975 1153 1054 legit,
1174 993 1279 1056 aquam

173 1074 295 1138 sustine.
599 1113 602 1120 ·

100 1308 160 1364 (ιω)
258 1277 382 1353 Audisti,
398 1277 531 1354 Maxime,
548 1297 676 1359 qnorum
690 1279 829 1361 pleraque
848 1281 957 1344 scilieet
975 1281 1087 1362 legeras
1108 1280 1185 1362 apud
1204 1280 1280 1342 anti-
1294 1291 1431 1346 xxxvlll

173 1399 249 1462 quus
263 1379 521 1463 philosophorum.
551 1388 581 1442 ut
595 1389 746 1446 memento
762 1383 798 1445 de
813 1383 884 1444 solis
898 1383 1028 1465 piscibus
1043 1383 1115 1446 haec
1128 1384 1281 1446 uulrrmina

174 1501 253 1546 anre
267 1482 443 1564 consumpta,
465 1483 515 1563 qni
532 1501 638 1546 aarum
656 1485 737 1547 onitu
755 1485 975 1566 progignuntur,
997 1486 1047 1565 qni
1066 1505 1101 1548 en
1119 1485 1190 1548 limo
1210 1504 1280 1548 oua·

122 1595 154 1646 10
174 1586 293 1660 lassant,
319 1585 456 1666 quotiens
478 1592 508 1648 et
534 1587 604 1666 quid
629 1588 698 1650 anni
724 1587 865 1668 uniusque
888 1606 993 1650 eorum
1018 1587 1131 1668 mauris
1154 1587 1280 1650 feminae

103 1707 163 1763 (aar)
176 1687 286 1763 suan,
306 1706 403 1750 mares
423 1689 546 1775 suriant,
573 1689 680 1769 qrnbus
699 1689 842 1752 memhris
863 1697 893 1752 et
913 1690 1009 1753 cauus
1028 1689 1162 1753 discrerit
1175 1697 1280 1754 natura

174 1791 325 1872 uiuiparos
339 1809 444 1854 eorum
454 1798 484 1853 et
495 1791 637 1872 ouiparos
646 1825 689 1838 -·
699 1792 739 1853 ita
748 1793 828 1856 enim
838 1793 940 1857 Latine
949 1794 1075 1875 appello,
1091 1811 1165 1874 quas
1178 1793 1281 1855 Graeci

175 1888 325 1978 ζῳοφόκα
338 1887 397 1956 καὶ
411 1883 637 1978 ᾥπόκα-οί,
652 1913 691 1957 ns
706 1913 828 1977 operose
840 1914 893 1976 per
903 1891 1198 1977 upuuuliumgenitus
1211 1914 1280 1976 par·

174 2016 251 2078 gam,
263 1997 367 2060 deinde
379 1997 415 2060 de
425 1996 587 2059 differentia
597 2004 627 2058 et
644 1993 650 2082 Ι
669 1999 751 2062 mutu
765 2006 794 2060 et
804 1998 946 2060 membris
961 2005 990 2059 et
1002 1998 1146 2060 aetatibus
1160 1997 1280 2059 neuris-
1292 2014 1310 2054 r.
1319 2014 1368 2056 roa.

121 2111 153 2162 15
174 2118 231 2180 que
241 2099 377 2180 plurimis
391 2098 467 2161 snitu
482 2099 602 2180 quidem
615 2099 797 2175 necessariis,
818 2100 870 2163 sad
884 2101 915 2161 in
929 2099 1036 2162 iudicio
1052 2101 1162 2162 alienis.
1187 2117 1280 2180 pauca

174 2203 262 2265 etiam
277 2203 312 2264 de
324 2201 434 2264 Latinis
446 2201 563 2282 scriptis
575 2203 649 2265 meis
665 2203 702 2266 ad
716 2203 839 2264 eandem
850 2202 985 2284 peritiam
996 2202 1209 2283 pertinentibus
1225 2201 1280 2280 legi

174 2304 290 2380 iubebo,
309 2305 341 2367 in
356 2305 462 2384 quibus
476 2305 692 2367 animaduertes
707 2323 775 2369 uum
789 2323 837 2366 ras
851 2306 970 2385 cognitu
981 2322 1071 2379 raras,
1085 2303 1281 2366 tumnomina

173 2408 261 2470 etiam
276 2407 418 2470 Romanis
433 2407 571 2470 inusitata
585 2415 615 2469 et
633 2408 664 2468 in
683 2407 871 2482 hodiernum,
892 2407 972 2487 quod
991 2407 1092 2481 seiam,
1112 2405 1228 2481 infecta,
1247 2423 1281 2466 ea

116 2479 143 2533 l
175 2511 293 2589 [tamen]
309 2510 431 2571 nomina
444 2509 544 2571 labore
556 2527 623 2572 meo
637 2516 666 2571 st
681 2509 778 2572 studio
793 2509 834 2571 ita
848 2510 884 2572 de
899 2493 1032 2571 Graecis(
1031 2507 1198 2590 prouenire,
1214 2503 1228 2592 ΙΙ
1246 2513 1279 2569 ut

118 2619 152 2670 20
172 2619 273 2674 tamen
287 2612 389 2674 Latina
404 2619 524 2675 moneta
539 2613 767 2692 percussusint.
803 2613 851 2674 uel
870 2612 968 2674 dicant
988 2611 1085 2686 nobis,
1111 2611 1279 2686 Aemiliane,

173 2715 290 2798 patroni
303 2715 356 2791 tui,
371 2713 422 2778 ubi
437 2715 560 2795 legerint
573 2713 674 2775 Latine
688 2716 761 2776 haec
775 2714 964 2798 pronuntiata
977 2714 1129 2777 uocabula.
1159 2713 1196 2776 de
1211 2713 1282 2776 solis

101 2837 160 2892 (asa)
175 2817 348 2900 aquatilibus
364 2819 458 2881 dicam
472 2835 527 2880 nac
541 2823 637 2880 catera
651 2815 786 2880 animalia
799 2817 857 2880 nisi
875 2817 907 2880 in
921 2801 1130 2881 communibus
1145 2815 1282 2882 differen-

624 2984 627 2990 .
732 2977 736 2982 .
1245 2978 1260 3010 u

242 3028 401 3081 lautnmnm
413 3027 445 3080 ll:
467 3027 585 3080 autlanrni
600 3025 741 3080 laannlianr
756 3025 863 3078 Fuluius
878 3023 883 3092 Ι
898 3039 983 3075 amnas
996 3022 1090 3075 afuisse
1102 3021 1133 3088 F,
1151 3023 1231 3074 amnis
1243 3021 1280 3075 ni·

150 3142 152 3146 -
173 3105 252 3160 inissa
264 3125 297 3177 φ,
309 3109 389 3160 omnis
400 3106 511 3162 abluisse
524 3124 553 3160 vr
564 3108 662 3160 omnino
675 3106 786 3160 arruisse
797 3107 916 3160 Latium
926 3104 935 3173 ΙΙ
956 3107 972 3156 2
985 3105 1196 3170 uundampnarant
1207 3121 1231 3174 φ
1242 3102 1253 3172 Ι
1266 3104 1281 3154 3

173 3191 236 3242 aedo
249 3191 308 3242 (lum
319 3188 576 3258 Latiumsslrrniehi
593 3207 616 3261 φ
635 3189 640 3259 Ι
660 3190 793 3241 littaraav
821 3187 832 3258 Ι
856 3187 972 3239 ideinda
985 3202 1002 3237 v
1028 3184 1033 3252 Ι
1059 3185 1216 3252 pisseilnsF
1231 3183 1237 3254 Ι
1255 3191 1282 3238 ta

172 3287 321 3340 qumquam
331 3271 362 3337 F,
373 3279 500 3339 unam
511 3289 542 3342 φ,
555 3268 648 3340 tarni
659 3272 707 3338 qua
718 3270 759 3321 θ’
774 3268 896 3337 amu,
908 3267 998 3337 arum
1010 3284 1033 3326 c:
1046 3281 1147 3334 raram
1158 3267 1262 3336 upum
1274 3265 1284 3334 Ι

173 3353 262 3423 Opust
276 3353 372 3407 sustine
388 3353 466 3422 vulga
477 3352 587 3406 addunt:
605 3354 678 3406 lorus
690 3369 723 3406 ex
739 3367 831 3418 graneo
844 3351 910 3402 libro
927 3349 1020 3416 Apulei
1035 3350 1187 3402 naturalium
1204 3362 1281 3417 qnae-

172 3433 304 3505 stiunnmfl
324 3433 535 3503 Sphilasolurum
551 3433 595 3505 ΕΙ
609 3436 641 3488 10
658 3449 746 3488 aarum
762 3434 918 3500 cuiusquam
933 3429 937 3499 Ι
951 3430 1076 3484 foeminae
1089 3429 1128 3500 νΙ
1146 3430 1174 3483 11
1190 3429 1282 3482 rubent

173 3516 286 3570 Cabirus
307 3517 504 3584 subenntCan‚
517 3517 580 3570 anisii
591 3524 700 3587 ntantcp,
713 3516 873 3568 subantantv
893 3511 903 3582 Ι
921 3512 953 3564 13
980 3510 1231 3573 ζωτοκαθΙωΟτοκα
1251 3511 1282 3578 F,

173 3599 296 3659 ζωοτοκα
306 3615 354 3652 και
365 3613 474 3652 uorum
485 3615 517 3668 φ,
529 3595 864 3663 ΖωΤΟΚαΘΙωΙΙΤΟΚα
877 3594 901 3649 V
920 3592 925 3663 Ι
945 3596 1054 3646 seruari
1067 3595 1215 3646 na-alisnis
1224 3609 1282 3646 ram

173 3683 210 3732 ds
219 3695 283 3747 puna
293 3681 447 3734 mundant
461 3681 599 3732 uanimrut't
612 3679 718 3734 Inluu'au
735 3679 741 3748 Ι
755 3693 848 3745 perosa
864 3692 910 3744 par
926 3675 985 3739 (am.
997 3676 1023 3741 v)
1040 3675 1183 3728 animalium
1197 3673 1283 3741 genita

174 3761 249 3830 lupas
261 3775 307 3826 par
320 3776 406 3813 amnas
417 3777 458 3812 an.
472 3761 572 3824 samum
586 3759 760 3827 mamam,
773 3775 804 3810 na
817 3773 924 3826 operosa
941 3772 988 3824 par
1006 3771 1092 3810 omnes
1104 3773 1144 3810 an.
1157 3773 1182 3822 g.
1199 3772 1223 3822 p.
1238 3755 1282 3808 H·

172 3843 356 3905 marmiun,
368 3857 413 3908 par
425 3841 573 3910 aquatilium
584 3843 684 3907 sanitas
697 3842 747 3907 (val
756 3842 896 3906 genituras)
907 3838 1015 3891 laistim
1043 3837 1054 3906 Ι
1079 3839 1113 3890 14,
1123 3837 1282 3904 maturisque

173 3937 191 3976 v
214 3920 225 3992 Ι
249 3924 281 3976 15
294 3923 411 3975 laditinv
435 3921 446 3992 ΙΙ
471 3922 503 3974 16
515 3923 652 3976 scribtisF
676 3921 686 3992 ΙΙ
711 3924 741 3976 11
755 3921 1016 3974 rasSaunaeuaszma
1029 3919 1121 3988 Fpin
1137 3915 1283 3985 oisvlrn·

172 4004 245 4070 gnita
256 4019 331 4057 raras
342 4004 373 4071 ll,
385 4005 563 4071 cogniturpras
575 4023 607 4076 φ,
619 4006 721 4070 cognitu
732 4019 821 4057 rarav
841 4002 846 4072 Ι
861 4003 898 4072 {no
906 4019 961 4056 ...a
976 4003 997 4054 p
1026 4000 1036 4070 Ι
1070 4001 1102 4053 19
1113 4007 1198 4052 tamen
1210 4001 1283 4051 unde

172 4087 266 4140 induri
271 4085 281 4155 Ι
292 4087 326 4139 20
341 4088 433 4152 tantan]
447 4093 566 4154 tanquam
580 4087 714 4152 Ρνίωοω,
727 4088 775 4139 ism
787 4086 894 4138 Ialmiue
914 4083 924 4154 Ι
947 4085 977 4136 21
996 4083 1162 4150 pronunciata
1178 4097 1196 4134 v
1211 4078 1222 4148 Ι
1249 4081 1282 4132 22

121 4205 123 4214 ,
173 4179 305 4224 caetarsv
324 4167 329 4238 Ι
346 4167 529 4239 romanibusp
555 4166 559 4236 Ι
578 4169 726 4222 differentiis
740 4169 919 4222 casaubonus:
933 4167 1079 4220 mannus
1091 4165 1165 4233 vaa
1183 4171 1282 4216 cataras

172 4250 288 4302 animalis
301 4253 349 4315 (vel
358 4277 393 4292 -·
404 4252 443 4303 ais
454 4251 493 4304 val
503 4277 538 4292 -·
549 4251 588 4319 aa)
600 4249 650 4303 nisi
660 4251 686 4302 in
697 4265 719 4304 a.
731 4250 879 4304 differantm
890 4249 1004 4302 Boaulia
1026 4246 1037 4317 ΙΙ
