3232 5028
674 449 844 503 aroucam
947 461 950 466 ’
1026 457 1027 460 ¹
1251 461 1310 522 103

125 539 167 580 nd.
183 537 284 581 Oudand.
898 542 909 556 '
1278 545 1365 587 11231),
1380 547 1395 586 i.
1407 549 1453 588 eno.

195 605 301 668 mulier
315 605 404 668 uidua
418 611 448 667 et
462 604 603 667 mediocri
618 606 724 680 forma,
741 609 770 666 at
784 622 846 676 non
858 613 950 668 aetate
962 608 1111 683 mediocri,
1127 611 1238 672 nubere
1250 630 1307 672 uo-

124 732 182 786 ces)
196 710 261 770 lens
273 710 361 790 longa
376 708 445 770 dote
459 714 489 770 et
502 708 584 769 molli
599 704 778 768 condicione·
787 708 941 771 inuitasset
961 710 1099 772 iuuenem
1120 731 1215 792 neque
1238 733 1306 775 cor-

195 829 268 892 pore
292 829 388 892 neque
414 811 512 872 animo
539 828 634 890 neque
660 811 779 872 fortuna
805 811 1042 891 poenitendum?
1069 814 1153 893 uirgo
1173 817 1306 892 formosa

196 914 250 975 etsi
266 914 304 975 sit
319 913 427 995 oppido
443 931 564 994 pauper,
585 919 685 974 tamen
705 913 820 975 abunde
836 913 934 974 dotata
948 921 1008 975 est:
1037 917 1120 976 affert
1140 917 1247 996 quippe
1269 917 1304 978 ad

161 1031 176 1080 s
197 1016 336 1078 maritum
351 1034 466 1079 nouum
478 1016 567 1078 animi
582 1017 721 1091 indolem,
737 1016 963 1097 pulchritudinis
979 1019 1110 1098 gratiam,
1126 1019 1206 1080 iloris
1222 1019 1304 1081 rudi-

196 1125 341 1180 mentum.
370 1120 434 1200 ipsa
457 1119 633 1198 uirginitatis
653 1120 870 1180 commendatio
895 1119 959 1181 iure
979 1120 1144 1200 meritoque
1166 1121 1304 1183 omnibus

197 1222 308 1288 maritis
324 1221 525 1302 acceptissima
539 1229 593 1283 est.
613 1239 683 1282 nam
695 1223 891 1302 quodeunque
906 1222 983 1284 aliud
993 1222 1024 1284 in
1037 1223 1137 1284 dotem
1148 1225 1303 1303 acceperis,

150 1321 154 1325 ’
195 1330 290 1404 potes,
306 1339 375 1384 oum
389 1323 483 1397 libuit,
499 1341 536 1384 ne
552 1324 592 1385 sis
607 1323 749 1386 beneficio
767 1323 935 1398 obstrictus,
948 1343 1036 1386 omne
1047 1327 1081 1386 ut
1092 1344 1243 1406 acceperas
1255 1305 1309 1386 re-¹

194 1426 332 1500 tribuere,
353 1426 509 1506 pecuniam
529 1443 730 1501 renumerare,
756 1426 900 1506 mancipia
918 1427 1081 1502 restituere,
1103 1429 1193 1490 domo
1209 1429 1303 1490 demi·

144 1545 175 1594 to
196 1547 289 1610 grase,
305 1528 431 1610 praediis
446 1527 559 1590 cedere.
591 1531 654 1591 sola
668 1529 819 1609 uirginitas
835 1547 903 1590 cum
918 1531 1010 1592 semel
1022 1537 1138 1610 accepta
1152 1537 1206 1604 est,
1221 1531 1304 1592 reddi
1333 1611 1334 1615 Ι

196 1633 347 1713 nequitur:
371 1632 433 1692 sola
448 1631 526 1712 apud
541 1631 681 1693 maritum
697 1651 732 1694 er
746 1631 834 1692 rebus
854 1627 859 1715 Ι
879 1629 1024 1694 dotalibus
1038 1640 1180 1695 remanet.
1213 1634 1304 1696 uidua
1316 1656 1333 1696 f.
1343 1658 1391 1696 sea.

164 1735 295 1797 ‘autem
320 1734 413 1814 qualis
434 1734 544 1814 nuptiis
570 1734 661 1810 uenit,
687 1734 753 1796 talis
779 1731 906 1796 diuortio
927 1735 1099 1816 digreditur:
1126 1735 1199 1797 nihil
1221 1737 1304 1799 affert

125 1857 183 1912 (ssa)
197 1837 404 1918 irreposcibile,
428 1837 480 1901 sed
499 1837 584 1898 uenit
599 1837 658 1899 iam
679 1837 714 1898 ab
735 1836 791 1898 alio
811 1837 994 1916 praedonata,
1014 1845 1092 1899 certe
1106 1838 1158 1899 tibi
1179 1838 1304 1918 adquae
1414 1904 1421 1913 ,

197 1941 271 2002 uelis
284 1939 406 2002 minime
421 1938 533 2014 docilis,
549 1957 612 2000 non
626 1939 725 2001 minus
749 1945 922 2019 suspectans
941 1957 1052 2002 nouam
1073 1940 1196 2002 domum
1216 1959 1304 2020 quam

144 2055 175 2106 15
197 2043 259 2124 ipsa
279 2043 337 2103 iam
360 2041 398 2103 ob
419 2059 514 2103 unum
534 2041 694 2104 diuortium
716 2042 919 2121 suspectanda,
947 2043 1010 2103 siue
1029 2041 1078 2103 illa
1096 2050 1193 2105 morte
1208 2045 1306 2106 amisit

196 2147 346 2220 maritum,
361 2151 395 2206 ut
409 2143 506 2206 scaeui
523 2144 630 2205 ominis
645 2144 751 2207 mulier
772 2149 802 2205 et
825 2143 937 2205 infandi
957 2144 1093 2222 coniugii,
1114 2146 1235 2207 minime
1251 2163 1304 2226 ap-

196 2247 330 2329 petenda,
346 2265 399 2308 seu
413 2245 537 2326 repudio
552 2246 683 2326 digressa
697 2253 752 2321 est,
766 2256 800 2308 ut
813 2245 956 2309 utramuis
971 2247 1083 2308 habens
1103 2247 1219 2326 eulpam
1233 2265 1303 2310 mu-

195 2350 258 2424 lier,
274 2367 348 2428 quae
364 2355 414 2409 aut
427 2353 488 2408 tam
504 2348 694 2410 intolerabilis
709 2347 775 2422 fuit,
790 2355 823 2410 ut
837 2349 1050 2430 repudiaretur,
1071 2356 1122 2410 aut
1139 2356 1201 2410 tam
1220 2349 1304 2411 inso-

196 2454 270 2526 lens,
291 2458 325 2512 ut
344 2451 519 2530 repudiaret.
555 2450 593 2511 ob
619 2450 691 2512 haee
717 2457 746 2512 et
769 2451 825 2512 alia
845 2447 857 2534 ΙΙ
876 2451 983 2512 uiduae
1003 2452 1072 2514 dote
1092 2459 1176 2513 aucta
1195 2469 1306 2531 procos·

144 2568 177 2622 'to
198 2553 362 2618 sollicitant.
393 2554 473 2634 quod
486 2553 650 2616 Pudentilla
665 2571 783 2634 quoque
797 2552 828 2614 in
843 2553 899 2630 alio
919 2553 1025 2617 marito
1045 2554 1172 2630 iecisset,
1193 2554 1218 2615 si
1237 2553 1304 2633 phi—

197 2659 356 2737 losophum
371 2663 559 2737 spernentem
574 2657 652 2718 dotis
666 2672 728 2717 non
742 2655 929 2737 repperisset.
1304 2667 1307 2674 ’

282 2759 341 2840 Age
356 2777 438 2835 uero,
454 2760 480 2821 si
494 2759 632 2822 auaritiae
646 2776 734 2820 eausa
748 2757 903 2820 mulierem
917 2756 1133 2837 concepissem,
1148 2757 1218 2837 quid
1232 2757 1306 2819 mihi
1317 2775 1477 2828 LxxxXlss

198 2863 298 2925 utilius
319 2862 355 2925 ad
375 2863 586 2944 possidendam
611 2861 735 2923 domum
755 2861 817 2922 eius
835 2859 901 2934 brit,
928 2877 1017 2940 mam
1036 2859 1215 2920 simultatem
1229 2859 1307 2921 inter

199 2974 324 3028 matrem
339 2971 368 3026 et
382 2964 458 3026 tilios
474 2981 581 3037 serere,
596 2962 722 3024 alienam
736 2961 772 3022 ab
787 2963 850 3023 eius
861 2963 960 3022 animo
972 2961 1134 3022 liberorum
1144 2961 1304 3034 caritatem,

144 3085 177 3134 25
199 3088 257 3148 quo
273 3066 392 3127 liberius
408 3070 437 3124 et
451 3064 542 3126 artius
559 3063 720 3125 desolatam
731 3064 886 3126 mulierem
897 3064 979 3125 solus
990 3059 1197 3143 possiderem?
1212 3063 1306 3123 fuitne

197 3171 256 3231 hoc
270 3165 426 3247 praedonis
443 3165 522 3244 quod
537 3182 593 3226 uos
608 3161 736 3244 tingitis?
759 3182 814 3243 ego
829 3183 901 3227 uero
918 3164 1023 3244 quietis
1044 3170 1073 3226 et
1087 3163 1260 3226 concordiae
1277 3171 1306 3226 et

268 3373 280 3424 1
295 3378 322 3422 at
335 3385 384 3421 non
395 3385 445 3439 φν,
457 3367 552 3421 adoni*
570 3365 580 3436 Ι
597 3368 612 3420 2
625 3366 709 3434 longa]
722 3368 796 3432 larga
806 3367 846 3422 eei
853 3368 924 3422 lauta
931 3367 1097 3433 Souastene,
1111 3377 1186 3422 uncta
1197 3369 1306 3434 Colotes,

199 3468 288 3518 magna
301 3452 440 3508 Wowarue
455 3448 461 3519 Ι
475 3447 618 3502 conditione
631 3465 648 3500 v
658 3447 670 3517 ΙΙ
682 3451 698 3500 4
711 3449 801 3516 oppido
814 3449 904 3517 oppido
916 3469 939 3521 φ
954 3447 959 3518 Ι
973 3450 1087 3502 meando
1096 3449 1142 3520 Fe
1159 3447 1169 3518 Ι
1188 3451 1203 3501 5
1216 3465 1307 3503 nouum

200 3535 246 3604 ev,
259 3549 349 3585 nonam
360 3551 384 3603 φ
396 3535 432 3598 (ot
441 3531 593 3596 Salmasius)
615 3527 626 3599 Ι
647 3533 661 3582 ‘l
675 3533 866 3599 quodeunqnov
890 3531 894 3598 Ι
918 3533 1048 3600 occeperis
1057 3532 1089 3597 V,
1102 3532 1229 3599 acceperit
1240 3533 1286 3600 Fep
1299 3532 1311 3602 Ι,

200 3617 333 3670 Slibnerit
344 3616 471 3669 Pricaeus
502 3612 512 3682 Ι
546 3615 727 3666 lbeaederev
758 3611 769 3682 Ι
803 3614 834 3666 12
853 3614 964 3683 nubilo
995 3613 1005 3681 Ι
1038 3615 1070 3665 13
1086 3614 1262 3680 irreposcibile
1274 3632 1307 3686 φ,

199 3697 374 3765 irrepcssibilo
405 3697 462 3751 FV:
494 3695 643 3762 inposcibile
670 3693 825 3760 Seriverius,
857 3695 1003 3762 inpassibile
1036 3693 1175 3750 dudam
1221 3693 1231 3764 Ι
1275 3696 1308 3748 14

200 3790 240 3821 sos
255 3782 321 3824 (mac.
336 3779 388 3829 aee.)

199 3840 336 3900 expectans
399 3831 420 3882 F
444 3829 455 3898 Ι
480 3831 512 3882 16
523 3827 627 3882 infausti
638 3845 656 3881 v
678 3817 689 3900 Ι
711 3831 742 3886 17
754 3838 783 3883 nt
794 3829 882 3884 adduc
904 3828 908 3898 Ι
932 3828 1055 3882 utramuis
1069 3847 1089 3894 ς,
1101 3832 1225 3883 utrumuis
1238 3829 1307 3901 rpv

198 3913 203 3981 Ι
227 3912 322 3964 babens
340 3929 359 3980 ς,
380 3911 457 3963 hebes
474 3912 528 3981 llaep,
543 3910 637 3961 babeas
648 3910 684 3963 V:
705 3909 813 3962 habebut
826 3911 939 3978 Celtica,
955 3911 1057 3964 babebit
1069 3911 1109 3966 W
1108 3927 1208 3966 omerus
1235 3909 1246 3982 ΙΙ
1277 3912 1308 3963 19

200 4002 275 4046 ancta
295 3993 377 4128 vaz)
393 4000 469 4046 uncto
490 3991 603 4061 colorus,
624 4001 713 4045 anetae
734 3993 851 4046 Heinsius
884 3992 895 4062 ΙΙ
927 3994 957 4045 21
980 3995 1121 4062 reperisset
1141 3991 1204 4061 rev
1233 3989 1243 4060 Ι
1275 3991 1307 4044 22

217 4075 366 4127 comumnes.
417 4104 420 4109 .

199 4129 292 4198 cipitia
378 4147 402 4199 φ
425 4127 436 4198 Ι
460 4128 601 4180 tisserius
613 4144 655 4198 ‹pv
682 4125 692 4197 Ι
720 4129 755 4181 26
770 4125 818 4180 init
834 4143 881 4180 nae
897 4128 945 4181 boe
961 4127 1096 4196 praedonis
1112 4116 1309 4180 Hildebmdim

198 4215 204 4284 Ι
236 4214 303 4280 qnod
324 4224 382 4264 esce
401 4225 450 4262 uos
471 4209 565 4276 fingitis
586 4225 614 4262 r:
639 4209 687 4263 fnit
706 4211 754 4262 boc
770 4210 918 4276 praedonis,
939 4210 1005 4277 quod
1021 4206 1307 4260 maresscalcus

199 4301 299 4350 mariue
330 4295 342 4364 Ι
