<?xml version="1.0" encoding="UTF-8"?>
<!DOCTYPE html PUBLIC "-//W3C//DTD XHTML 1.0 Transitional//EN"
    "http://www.w3.org/TR/xhtml1/DTD/xhtml1-transitional.dtd">
<html xmlns="http://www.w3.org/1999/xhtml" xml:lang="en" lang="en">
 <head>
  <title>
</title>
<meta http-equiv="Content-Type" content="text/html;charset=utf-8" />
  <meta name='ocr-system' content='tesseract 3.04.00' />
  <meta name='ocr-capabilities' content='ocr_page ocr_carea ocr_par ocr_line ocrx_word'/>
</head>
<body>
  <div class='ocr_page' id='page_1' title='image "./lapuleimadauren01krgoog_0031.png"; bbox 0 0 3226 5026; ppageno 0'>
   <div class='ocr_carea' id='block_1_1' title="bbox 266 457 1074 520">
    <p class='ocr_par' dir='ltr' id='par_1_1' title="bbox 266 457 1074 520">
     <span class='ocr_line' id='line_1_1' title="bbox 266 457 1074 520; baseline 0 -10"><span class='ocrx_word' id='word_1_1' title='bbox 266 477 333 520; x_wconf 76' lang='lat' dir='ltr'><em>xxvi</em></span> <span class='ocrx_word' id='word_1_2' title='bbox 568 457 674 510; x_wconf 72' lang='lat' dir='ltr'><em>tonsol</em></span> <span class='ocrx_word' id='word_1_3' title='bbox 686 458 873 512; x_wconf 75' lang='lat' dir='ltr'><em>essnvooul</em></span> <span class='ocrx_word' id='word_1_4' title='bbox 885 457 1074 510; x_wconf 76' lang='lat' dir='ltr'><strong>PRAEFATIO</strong></span> 
     </span>
    </p>
   </div>
   <div class='ocr_carea' id='block_1_2' title="bbox 267 609 1375 915">
    <p class='ocr_par' dir='ltr' id='par_1_2' title="bbox 267 609 1375 915">
     <span class='ocr_line' id='line_1_2' title="bbox 267 609 1374 700; baseline 0.002 -26"><span class='ocrx_word' id='word_1_5' title='bbox 267 630 343 674; x_wconf 86' lang='lat' dir='ltr'><em>nem</em></span> <span class='ocrx_word' id='word_1_6' title='bbox 364 609 488 676; x_wconf 81' lang='lat' dir='ltr'><em>curavit</em></span> <span class='ocrx_word' id='word_1_7' title='bbox 509 633 591 698; x_wconf 85' lang='lat' dir='ltr'><em>quse</em></span> <span class='ocrx_word' id='word_1_8' title='bbox 612 635 696 679; x_wconf 83' lang='lat' dir='ltr'><em>anno</em></span> <span class='ocrx_word' id='word_1_9' title='bbox 723 609 921 678; x_wconf 71' lang='lat' dir='ltr'>MDXXII.</span> <span class='ocrx_word' id='word_1_10' title='bbox 948 611 1114 678; x_wconf 82' lang='lat' dir='ltr'><em>Florentia</em></span> <span class='ocrx_word' id='word_1_11' title='bbox 1128 611 1263 698; x_wconf 88' lang='lat' dir='ltr'><em>prodiit:</em></span> <span class='ocrx_word' id='word_1_12' title='bbox 1286 612 1374 700; x_wconf 89' lang='lat' dir='ltr'><em>quod</em></span> 
     </span>
     <span class='ocr_line' id='line_1_3' title="bbox 269 713 1375 806; baseline 0.002 -26"><span class='ocrx_word' id='word_1_13' title='bbox 269 737 310 780; x_wconf 86' lang='lat' dir='ltr'><em>ex</em></span> <span class='ocrx_word' id='word_1_14' title='bbox 343 713 428 780; x_wconf 84' lang='lat' dir='ltr'><em>illius</em></span> <span class='ocrx_word' id='word_1_15' title='bbox 458 715 587 803; x_wconf 80' lang='lat' dir='ltr'><em>gemina</em></span> <span class='ocrx_word' id='word_1_16' title='bbox 616 718 752 806; x_wconf 82' lang='lat' dir='ltr'><em>epistole</em></span> <span class='ocrx_word' id='word_1_17' title='bbox 785 717 815 786; x_wconf 82' lang='lat' dir='ltr'><em>oi</em></span> <span class='ocrx_word' id='word_1_18' title='bbox 845 717 977 785; x_wconf 84' lang='lat' dir='ltr'><em>editioni</em></span> <span class='ocrx_word' id='word_1_19' title='bbox 1005 718 1150 806; x_wconf 85' lang='lat' dir='ltr'><em>praefixa</em></span> <span class='ocrx_word' id='word_1_20' title='bbox 1178 718 1274 784; x_wconf 82' lang='lat' dir='ltr'><em>facile</em></span> <span class='ocrx_word' id='word_1_21' title='bbox 1302 717 1375 805; x_wconf 87' lang='lat' dir='ltr'><em>quis</em></span> 
     </span>
     <span class='ocr_line' id='line_1_4' title="bbox 268 820 1374 915; baseline 0.003 -30"><span class='ocrx_word' id='word_1_22' title='bbox 268 820 435 908; x_wconf 81' lang='lat' dir='ltr'><em>intelligat.</em></span> <span class='ocrx_word' id='word_1_23' title='bbox 478 823 531 888; x_wconf 88' lang='lat' dir='ltr'><em>Illi</em></span> <span class='ocrx_word' id='word_1_24' title='bbox 566 833 674 890; x_wconf 86' lang='lat' dir='ltr'><em>tamen</em></span> <span class='ocrx_word' id='word_1_25' title='bbox 705 825 801 915; x_wconf 76' lang='lat' dir='ltr'><em>viro,¹</em></span> <span class='ocrx_word' id='word_1_26' title='bbox 821 834 983 910; x_wconf 87' lang='lat' dir='ltr'><em>uteunque</em></span> <span class='ocrx_word' id='word_1_27' title='bbox 1014 824 1054 890; x_wconf 85' lang='lat' dir='ltr'><em>de</em></span> <span class='ocrx_word' id='word_1_28' title='bbox 1083 824 1219 890; x_wconf 84' lang='lat' dir='ltr'><em>caeteris</em></span> <span class='ocrx_word' id='word_1_29' title='bbox 1249 824 1374 905; x_wconf 79' lang='lat' dir='ltr'><em>merito,</em></span> 
     </span>
    </p>
   </div>
   <div class='ocr_carea' id='block_1_3' title="bbox 269 923 1376 1116">
    <p class='ocr_par' dir='ltr' id='par_1_3' title="bbox 269 923 1376 1116">
     <span class='ocr_line' id='line_1_5' title="bbox 269 923 1376 1018; baseline 0.004 -28"><span class='ocrx_word' id='word_1_30' title='bbox 269 923 399 992; x_wconf 83' lang='lat' dir='ltr'><em>Grsees</em></span> <span class='ocrx_word' id='word_1_31' title='bbox 424 949 489 995; x_wconf 89' lang='lat' dir='ltr'><em>non</em></span> <span class='ocrx_word' id='word_1_32' title='bbox 510 952 614 1016; x_wconf 82' lang='lat' dir='ltr'><em>pauca</em></span> <span class='ocrx_word' id='word_1_33' title='bbox 637 952 720 1018; x_wconf 82' lang='lat' dir='ltr'><em>quae</em></span> <span class='ocrx_word' id='word_1_34' title='bbox 743 930 865 1018; x_wconf 85' lang='lat' dir='ltr'><em>primus</em></span> <span class='ocrx_word' id='word_1_35' title='bbox 886 953 927 995; x_wconf 86' lang='lat' dir='ltr'><em>ex</em></span> <span class='ocrx_word' id='word_1_36' title='bbox 951 930 1017 996; x_wconf 84' lang='lat' dir='ltr'><em>suis</em></span> <span class='ocrx_word' id='word_1_37' title='bbox 1040 929 1130 996; x_wconf 88' lang='lat' dir='ltr'><em>libris</em></span> <span class='ocrx_word' id='word_1_38' title='bbox 1156 929 1325 1016; x_wconf 80' lang='lat' dir='ltr'>descripsit</span> <span class='ocrx_word' id='word_1_39' title='bbox 1343 939 1376 994; x_wconf 84' lang='lat' dir='ltr'><em>et</em></span> 
     </span>
     <span class='ocr_line' id='line_1_6' title="bbox 269 1031 564 1116; baseline 0.024 -20"><span class='ocrx_word' id='word_1_40' title='bbox 269 1031 377 1116; x_wconf 84' lang='lat' dir='ltr'><strong>edidit,</strong></span> <span class='ocrx_word' id='word_1_41' title='bbox 401 1032 564 1102; x_wconf 82' lang='lat' dir='ltr'><strong>debemus.</strong></span> 
     </span>
    </p>
   </div>
   <div class='ocr_carea' id='block_1_4' title="bbox 757 1197 1017 1208">
    <p class='ocr_par' dir='ltr' id='par_1_4' title="bbox 757 1197 1017 1208">
     <span class='ocr_line' id='line_1_7' title="bbox 757 1197 1017 1208; baseline -0.004 -2"><span class='ocrx_word' id='word_1_42' title='bbox 757 1201 765 1206; x_wconf 83' lang='lat'><em>.</em></span> <span class='ocrx_word' id='word_1_43' title='bbox 774 1199 970 1208; x_wconf 70' lang='lat'><em>---—-=--.---·-</em></span> <span class='ocrx_word' id='word_1_44' title='bbox 979 1197 1017 1204; x_wconf 75' lang='lat'><em>--—-</em></span> 
     </span>
    </p>
   </div>
   <div class='ocr_carea' id='block_1_5' title="bbox 524 1350 1120 1428">
    <p class='ocr_par' dir='ltr' id='par_1_5' title="bbox 524 1350 1120 1428">
     <span class='ocr_line' id='line_1_8' title="bbox 524 1350 1120 1428; baseline -0.002 -4"><span class='ocrx_word' id='word_1_45' title='bbox 524 1353 733 1428; x_wconf 80' lang='lat' dir='ltr'><strong>ADDENDA</strong></span> <span class='ocrx_word' id='word_1_46' title='bbox 758 1354 815 1426; x_wconf 86' lang='lat' dir='ltr'><em>ET</em></span> <span class='ocrx_word' id='word_1_47' title='bbox 842 1350 1120 1425; x_wconf 85' lang='lat' dir='ltr'><strong>CORRIGENDA</strong></span> 
     </span>
    </p>
   </div>
   <div class='ocr_carea' id='block_1_6' title="bbox 269 1499 1401 4291">
    <p class='ocr_par' dir='ltr' id='par_1_6' title="bbox 269 1499 1401 2766">
     <span class='ocr_line' id='line_1_9' title="bbox 269 1499 1375 1585; baseline 0.003 -34"><span class='ocrx_word' id='word_1_48' title='bbox 269 1499 328 1564; x_wconf 75' lang='lat' dir='ltr'><em>Peg.</em></span> <span class='ocrx_word' id='word_1_49' title='bbox 342 1501 395 1553; x_wconf 82' lang='lat' dir='ltr'><em>XX</em></span> <span class='ocrx_word' id='word_1_50' title='bbox 433 1507 485 1554; x_wconf 84' lang='lat' dir='ltr'><em>iam</em></span> <span class='ocrx_word' id='word_1_51' title='bbox 498 1507 661 1574; x_wconf 77' lang='lat' dir='ltr'><em>praefationi</em></span> <span class='ocrx_word' id='word_1_52' title='bbox 672 1509 756 1574; x_wconf 81' lang='lat' dir='ltr'><em>finem</em></span> <span class='ocrx_word' id='word_1_53' title='bbox 771 1510 958 1576; x_wconf 76' lang='lat' dir='ltr'><em>imposueram,</em></span> <span class='ocrx_word' id='word_1_54' title='bbox 979 1522 1036 1558; x_wconf 88' lang='lat' dir='ltr'><em>eum</em></span> <span class='ocrx_word' id='word_1_55' title='bbox 1054 1508 1080 1556; x_wconf 89' lang='lat' dir='ltr'><em>in</em></span> <span class='ocrx_word' id='word_1_56' title='bbox 1094 1508 1202 1555; x_wconf 83' lang='lat' dir='ltr'><em>mentem</em></span> <span class='ocrx_word' id='word_1_57' title='bbox 1221 1507 1375 1585; x_wconf 78' lang='lat' dir='ltr'><em>uenitoata-</em></span> 
     </span>
     <span class='ocr_line' id='line_1_10' title="bbox 435 1587 1401 1660; baseline 0 -22"><span class='ocrx_word' id='word_1_58' title='bbox 435 1587 512 1655; x_wconf 80' lang='lat' dir='ltr'><em>logos</em></span> <span class='ocrx_word' id='word_1_59' title='bbox 524 1591 566 1642; x_wconf 85' lang='lat' dir='ltr'><em>iiie</em></span> <span class='ocrx_word' id='word_1_60' title='bbox 577 1591 700 1644; x_wconf 73' lang='lat' dir='ltr'><em>dirorum</em></span> <span class='ocrx_word' id='word_1_61' title='bbox 712 1592 816 1660; x_wconf 80' lang='lat' dir='ltr'><em>Iosspti</em></span> <span class='ocrx_word' id='word_1_62' title='bbox 825 1591 965 1660; x_wconf 75' lang='lat' dir='ltr'><em>Soaligui,</em></span> <span class='ocrx_word' id='word_1_63' title='bbox 978 1607 1026 1656; x_wconf 79' lang='lat' dir='ltr'><em>quo</em></span> <span class='ocrx_word' id='word_1_64' title='bbox 1037 1593 1111 1642; x_wconf 78' lang='lat' dir='ltr'><em>niem</em></span> <span class='ocrx_word' id='word_1_65' title='bbox 1122 1589 1281 1657; x_wconf 77' lang='lat' dir='ltr'><em>Bernaysius</em></span> <span class='ocrx_word' id='word_1_66' title='bbox 1292 1592 1376 1640; x_wconf 79' lang='lat' dir='ltr'><em>tirum</em></span> <span class='ocrx_word' id='word_1_67' title='bbox 1397 1599 1401 1607; x_wconf 87' lang='lat'>·</span> 
     </span>
     <span class='ocr_line' id='line_1_11' title="bbox 434 1673 1375 1744; baseline -0.001 -21"><span class='ocrx_word' id='word_1_68' title='bbox 434 1673 562 1726; x_wconf 85' lang='lat' dir='ltr'><em>illustrem</em></span> <span class='ocrx_word' id='word_1_69' title='bbox 570 1675 702 1728; x_wconf 84' lang='lat' dir='ltr'><em>Claudiani</em></span> <span class='ocrx_word' id='word_1_70' title='bbox 709 1681 823 1728; x_wconf 82' lang='lat' dir='ltr'><em>earmina</em></span> <span class='ocrx_word' id='word_1_71' title='bbox 831 1677 941 1728; x_wconf 73' lang='lat' dir='ltr'><em>edidisse</em></span> <span class='ocrx_word' id='word_1_72' title='bbox 949 1691 1032 1744; x_wconf 77' lang='lat' dir='ltr'><em>nuper</em></span> <span class='ocrx_word' id='word_1_73' title='bbox 1041 1675 1227 1726; x_wconf 69' lang='lat' dir='ltr'><em>denomines-it</em></span> <span class='ocrx_word' id='word_1_74' title='bbox 1237 1674 1375 1737; x_wconf 67' lang='lat' dir='ltr'><em>(noemae.</em></span> 
     </span>
     <span class='ocr_line' id='line_1_12' title="bbox 437 1759 1374 1828; baseline -0.002 -20"><span class='ocrx_word' id='word_1_75' title='bbox 437 1759 564 1811; x_wconf 82' lang='lat' dir='ltr'><em>rdeu.XV</em></span> <span class='ocrx_word' id='word_1_76' title='bbox 573 1762 755 1828; x_wconf 78' lang='lat' dir='ltr'><strong>p.163-165).</strong></span> <span class='ocrx_word' id='word_1_77' title='bbox 773 1765 818 1828; x_wconf 79' lang='lat' dir='ltr'><em>qui</em></span> <span class='ocrx_word' id='word_1_78' title='bbox 825 1763 958 1828; x_wconf 74' lang='lat' dir='ltr'><em>catalogus</em></span> <span class='ocrx_word' id='word_1_79' title='bbox 966 1764 1117 1812; x_wconf 78' lang='lat' dir='ltr'><em>asservatur</em></span> <span class='ocrx_word' id='word_1_80' title='bbox 1125 1763 1150 1809; x_wconf 88' lang='lat' dir='ltr'><em>in</em></span> <span class='ocrx_word' id='word_1_81' title='bbox 1161 1759 1308 1810; x_wconf 78' lang='lat' dir='ltr'><em>bibliotheca</em></span> <span class='ocrx_word' id='word_1_82' title='bbox 1317 1774 1374 1807; x_wconf 87' lang='lat' dir='ltr'><em>aca-</em></span> 
     </span>
     <span class='ocr_line' id='line_1_13' title="bbox 436 1841 1373 1906; baseline -0.001 -15"><span class='ocrx_word' id='word_1_83' title='bbox 436 1841 534 1892; x_wconf 79' lang='lat' dir='ltr'><em>demica</em></span> <span class='ocrx_word' id='word_1_84' title='bbox 552 1843 685 1899; x_wconf 78' lang='lat' dir='ltr'><em>[sitoniana</em></span> <span class='ocrx_word' id='word_1_85' title='bbox 705 1850 731 1896; x_wconf 92' lang='lat' dir='ltr'><em>et</em></span> <span class='ocrx_word' id='word_1_86' title='bbox 751 1847 816 1896; x_wconf 79' lang='lat' dir='ltr'><em>duno</em></span> <span class='ocrx_word' id='word_1_87' title='bbox 836 1848 912 1896; x_wconf 78' lang='lat' dir='ltr'><em>tabet</em></span> <span class='ocrx_word' id='word_1_88' title='bbox 933 1845 1046 1896; x_wconf 78' lang='lat' dir='ltr'><em>titulum:</em></span> <span class='ocrx_word' id='word_1_89' title='bbox 1072 1845 1221 1906; x_wconf 59' lang='lat' dir='ltr'><em>‘catologus</em></span> <span class='ocrx_word' id='word_1_90' title='bbox 1240 1841 1373 1891; x_wconf 81' lang='lat' dir='ltr'><em>Librorum</em></span> 
     </span>
     <span class='ocr_line' id='line_1_14' title="bbox 436 1925 1374 1998; baseline 0.001 -23"><span class='ocrx_word' id='word_1_91' title='bbox 436 1925 605 1979; x_wconf 78' lang='lat' dir='ltr'><strong>Bibliothecae</strong></span> <span class='ocrx_word' id='word_1_92' title='bbox 627 1929 709 1982; x_wconf 87' lang='lat' dir='ltr'><em>Illust.</em></span> <span class='ocrx_word' id='word_1_93' title='bbox 728 1931 784 1984; x_wconf 78' lang='lat' dir='ltr'><em>Viri</em></span> <span class='ocrx_word' id='word_1_94' title='bbox 806 1929 904 1998; x_wconf 80' lang='lat' dir='ltr'><em>Iosephi</em></span> <span class='ocrx_word' id='word_1_95' title='bbox 922 1932 1046 1995; x_wconf 79' lang='lat' dir='ltr'><em>Sealigeni</em></span> <span class='ocrx_word' id='word_1_96' title='bbox 1066 1929 1112 1980; x_wconf 92' lang='lat' dir='ltr'><strong>lul.</strong></span> <span class='ocrx_word' id='word_1_97' title='bbox 1127 1930 1199 1979; x_wconf 83' lang='lat' dir='ltr'><em>Caes.</em></span> <span class='ocrx_word' id='word_1_98' title='bbox 1216 1927 1245 1978; x_wconf 84' lang='lat' dir='ltr'><em>F.</em></span> <span class='ocrx_word' id='word_1_99' title='bbox 1265 1929 1374 1994; x_wconf 76' lang='lat' dir='ltr'><em>Quorum</em></span> 
     </span>
     <span class='ocr_line' id='line_1_15' title="bbox 435 2012 1374 2079; baseline 0.001 -19"><span class='ocrx_word' id='word_1_100' title='bbox 435 2013 518 2064; x_wconf 83' lang='lat' dir='ltr'><em>noetio</em></span> <span class='ocrx_word' id='word_1_101' title='bbox 530 2014 663 2067; x_wconf 77' lang='lat' dir='ltr'><strong>habebitur</strong></span> <span class='ocrx_word' id='word_1_102' title='bbox 672 2016 696 2068; x_wconf 85' lang='lat' dir='ltr'><em>in</em></span> <span class='ocrx_word' id='word_1_103' title='bbox 706 2016 811 2067; x_wconf 80' lang='lat' dir='ltr'><em>aedibus</em></span> <span class='ocrx_word' id='word_1_104' title='bbox 821 2017 944 2068; x_wconf 83' lang='lat' dir='ltr'><em>Ludoviei</em></span> <span class='ocrx_word' id='word_1_105' title='bbox 952 2015 1075 2068; x_wconf 81' lang='lat' dir='ltr'><em>Elzsvirii</em></span> <span class='ocrx_word' id='word_1_106' title='bbox 1084 2015 1187 2079; x_wconf 87' lang='lat' dir='ltr'><em>bibliop.</em></span> <span class='ocrx_word' id='word_1_107' title='bbox 1197 2013 1276 2075; x_wconf 85' lang='lat' dir='ltr'><em>Lugd.</em></span> <span class='ocrx_word' id='word_1_108' title='bbox 1287 2012 1374 2063; x_wconf 82' lang='lat' dir='ltr'><em>Betav.</em></span> 
     </span>
     <span class='ocr_line' id='line_1_16' title="bbox 435 2097 1376 2169; baseline 0.002 -23"><span class='ocrx_word' id='word_1_109' title='bbox 435 2097 466 2146; x_wconf 85' lang='lat' dir='ltr'><em>nd</em></span> <span class='ocrx_word' id='word_1_110' title='bbox 479 2097 544 2148; x_wconf 86' lang='lat' dir='ltr'><em>diem</em></span> <span class='ocrx_word' id='word_1_111' title='bbox 558 2101 586 2150; x_wconf 94' lang='grc'><em>11</em></span> <span class='ocrx_word' id='word_1_112' title='bbox 601 2099 688 2154; x_wconf 83' lang='lat' dir='ltr'><em>Martii</em></span> <span class='ocrx_word' id='word_1_113' title='bbox 697 2101 812 2166; x_wconf 81' lang='lat' dir='ltr'>Lugduni</span> <span class='ocrx_word' id='word_1_114' title='bbox 822 2104 982 2169; x_wconf 81' lang='lat' dir='ltr'><em>Batavorum,</em></span> <span class='ocrx_word' id='word_1_115' title='bbox 995 2103 1034 2154; x_wconf 80' lang='lat' dir='ltr'><em>Ex</em></span> <span class='ocrx_word' id='word_1_116' title='bbox 1045 2100 1152 2153; x_wconf 84' lang='lat' dir='ltr'><em>Offioine</em></span> <span class='ocrx_word' id='word_1_117' title='bbox 1162 2099 1270 2150; x_wconf 84' lang='lat' dir='ltr'><em>Thomas</em></span> <span class='ocrx_word' id='word_1_118' title='bbox 1280 2098 1376 2148; x_wconf 83' lang='lat' dir='ltr'><em>Bosson</em></span> 
     </span>
     <span class='ocr_line' id='line_1_17' title="bbox 440 2180 1379 2256; baseline 0.002 -26"><span class='ocrx_word' id='word_1_119' title='bbox 440 2180 512 2232; x_wconf 85' lang='lat'><strong>1609.</strong></span> <span class='ocrx_word' id='word_1_120' title='bbox 527 2185 551 2234; x_wconf 83' lang='lat'><em>4.</em></span> <span class='ocrx_word' id='word_1_121' title='bbox 566 2187 595 2235; x_wconf 84' lang='lat'><em>51</em></span> <span class='ocrx_word' id='word_1_122' title='bbox 613 2202 669 2252; x_wconf 80' lang='lat' dir='ltr'><em>pag.</em></span> <span class='ocrx_word' id='word_1_123' title='bbox 689 2196 715 2239; x_wconf 87' lang='lat' dir='ltr'><em>et</em></span> <span class='ocrx_word' id='word_1_124' title='bbox 728 2188 743 2239; x_wconf 86' lang='grc'>8</span> <span class='ocrx_word' id='word_1_125' title='bbox 755 2204 811 2255; x_wconf 77' lang='lat' dir='ltr'><em>pag.</em></span> <span class='ocrx_word' id='word_1_126' title='bbox 830 2190 944 2256; x_wconf 57' lang='lat' dir='ltr'><em>appendo</em></span> <span class='ocrx_word' id='word_1_127' title='bbox 968 2206 1002 2239; x_wconf 83' lang='lat' dir='ltr'><em>eoo</em></span> <span class='ocrx_word' id='word_1_128' title='bbox 1018 2187 1106 2238; x_wconf 88' lang='lat' dir='ltr'><em>eodem</em></span> <span class='ocrx_word' id='word_1_129' title='bbox 1114 2187 1196 2252; x_wconf 83' lang='lat' dir='ltr'><em>fonte</em></span> <span class='ocrx_word' id='word_1_130' title='bbox 1208 2187 1272 2234; x_wconf 86' lang='lat' dir='ltr'><em>oerti</em></span> <span class='ocrx_word' id='word_1_131' title='bbox 1282 2183 1379 2248; x_wconf 80' lang='lat' dir='ltr'><em>aliquid</em></span> 
     </span>
     <span class='ocr_line' id='line_1_18' title="bbox 436 2265 1378 2342; baseline 0.001 -25"><span class='ocrx_word' id='word_1_132' title='bbox 436 2265 539 2319; x_wconf 80' lang='lat' dir='ltr'><em>taurin·</em></span> <span class='ocrx_word' id='word_1_133' title='bbox 552 2286 630 2338; x_wconf 84' lang='lat' dir='ltr'><em>posse</em></span> <span class='ocrx_word' id='word_1_134' title='bbox 646 2289 754 2340; x_wconf 85' lang='lat' dir='ltr'><em>sperans</em></span> <span class='ocrx_word' id='word_1_135' title='bbox 771 2273 802 2324; x_wconf 88' lang='lat' dir='ltr'><em>de</em></span> <span class='ocrx_word' id='word_1_136' title='bbox 817 2271 948 2340; x_wconf 82' lang='lat' dir='ltr'><em>Soaiigoro</em></span> <span class='ocrx_word' id='word_1_137' title='bbox 961 2273 1054 2342; x_wconf 79' lang='lat' dir='ltr'><em>Apulei</em></span> <span class='ocrx_word' id='word_1_138' title='bbox 1070 2271 1188 2322; x_wconf 75' lang='lat' dir='ltr'><em>editionis</em></span> <span class='ocrx_word' id='word_1_139' title='bbox 1201 2269 1230 2321; x_wconf 92' lang='lat' dir='ltr'><em>V</em></span> <span class='ocrx_word' id='word_1_140' title='bbox 1229 2269 1378 2319; x_wconf 86' lang='lat' dir='ltr'><em>uieanianae</em></span> 
     </span>
     <span class='ocr_line' id='line_1_19' title="bbox 434 2353 1375 2423; baseline 0.002 -23"><span class='ocrx_word' id='word_1_141' title='bbox 434 2353 571 2418; x_wconf 69' lang='lat' dir='ltr'><em>secundae,</em></span> <span class='ocrx_word' id='word_1_142' title='bbox 589 2357 736 2423; x_wconf 84' lang='lat' dir='ltr'><em>uiserunt,</em></span> <span class='ocrx_word' id='word_1_143' title='bbox 750 2363 866 2422; x_wconf 84' lang='lat' dir='ltr'><em>auctore,</em></span> <span class='ocrx_word' id='word_1_144' title='bbox 881 2359 1027 2410; x_wconf 86' lang='lat' dir='ltr'><em>Ottonem</em></span> <span class='ocrx_word' id='word_1_145' title='bbox 1040 2353 1246 2407; x_wconf 78' lang='lat' dir='ltr'><em>Biibeokium</em></span> <span class='ocrx_word' id='word_1_146' title='bbox 1256 2355 1375 2419; x_wconf 79' lang='lat' dir='ltr'><em>precibus</em></span> 
     </span>
     <span class='ocr_line' id='line_1_20' title="bbox 434 2435 1378 2510; baseline -0.001 -21"><span class='ocrx_word' id='word_1_147' title='bbox 434 2435 501 2498; x_wconf 83' lang='lat' dir='ltr'><em>adii,</em></span> <span class='ocrx_word' id='word_1_148' title='bbox 521 2443 552 2490; x_wconf 90' lang='lat' dir='ltr'><em>ut</em></span> <span class='ocrx_word' id='word_1_149' title='bbox 567 2457 626 2492; x_wconf 85' lang='lat' dir='ltr'><em>moa</em></span> <span class='ocrx_word' id='word_1_150' title='bbox 641 2458 721 2494; x_wconf 85' lang='lat' dir='ltr'><em>eausa</em></span> <span class='ocrx_word' id='word_1_151' title='bbox 737 2443 882 2510; x_wconf 75' lang='lat' dir='ltr'><em>catalogum</em></span> <span class='ocrx_word' id='word_1_152' title='bbox 898 2445 1042 2510; x_wconf 80' lang='lat' dir='ltr'><em>inspiceret.</em></span> <span class='ocrx_word' id='word_1_153' title='bbox 1067 2441 1203 2508; x_wconf 80' lang='lat' dir='ltr'><em>nesoripsii</em></span> <span class='ocrx_word' id='word_1_154' title='bbox 1218 2442 1257 2488; x_wconf 83' lang='lat' dir='ltr'><em>uir</em></span> <span class='ocrx_word' id='word_1_155' title='bbox 1276 2439 1378 2504; x_wconf 75' lang='lat' dir='ltr'><em>osfieio·</em></span> 
     </span>
     <span class='ocr_line' id='line_1_21' title="bbox 435 2522 1376 2594; baseline 0.003 -25"><span class='ocrx_word' id='word_1_156' title='bbox 435 2522 569 2590; x_wconf 79' lang='lat' dir='ltr'><em>sissimus,</em></span> <span class='ocrx_word' id='word_1_157' title='bbox 585 2542 636 2576; x_wconf 88' lang='lat' dir='ltr'><em>uon</em></span> <span class='ocrx_word' id='word_1_158' title='bbox 647 2530 740 2578; x_wconf 74' lang='lat' dir='ltr'><em>entare</em></span> <span class='ocrx_word' id='word_1_159' title='bbox 751 2527 853 2594; x_wconf 84' lang='lat' dir='ltr'><em>quidem</em></span> <span class='ocrx_word' id='word_1_160' title='bbox 865 2531 932 2579; x_wconf 86' lang='lat' dir='ltr'><em>inter</em></span> <span class='ocrx_word' id='word_1_161' title='bbox 945 2527 1023 2578; x_wconf 82' lang='lat' dir='ltr'><em>tidros</em></span> <span class='ocrx_word' id='word_1_162' title='bbox 1036 2525 1149 2592; x_wconf 78' lang='lat' dir='ltr'><em>catalogi</em></span> <span class='ocrx_word' id='word_1_163' title='bbox 1159 2524 1295 2576; x_wconf 82' lang='lat' dir='ltr'><em>editionem</em></span> <span class='ocrx_word' id='word_1_164' title='bbox 1306 2523 1376 2572; x_wconf 83' lang='lat' dir='ltr'><em>iilam</em></span> 
     </span>
     <span class='ocr_line' id='line_1_22' title="bbox 435 2603 1376 2676; baseline 0.002 -22"><span class='ocrx_word' id='word_1_165' title='bbox 435 2603 464 2655; x_wconf 92' lang='lat' dir='ltr'><em>V</em></span> <span class='ocrx_word' id='word_1_166' title='bbox 462 2605 624 2660; x_wconf 85' lang='lat' dir='ltr'><em>uioanianam</em></span> <span class='ocrx_word' id='word_1_167' title='bbox 645 2612 795 2676; x_wconf 84' lang='lat' dir='ltr'><em>secundam,</em></span> <span class='ocrx_word' id='word_1_168' title='bbox 818 2613 866 2663; x_wconf 87' lang='lat' dir='ltr'><em>sed</em></span> <span class='ocrx_word' id='word_1_169' title='bbox 883 2616 967 2664; x_wconf 85' lang='lat' dir='ltr'><em>inesse</em></span> <span class='ocrx_word' id='word_1_170' title='bbox 986 2610 1092 2670; x_wconf 83' lang='lat' dir='ltr'><em>indicia,</em></span> <span class='ocrx_word' id='word_1_171' title='bbox 1115 2625 1179 2675; x_wconf 87' lang='lat' dir='ltr'><em>quoe</em></span> <span class='ocrx_word' id='word_1_172' title='bbox 1194 2608 1230 2658; x_wconf 90' lang='lat' dir='ltr'><em>ad</em></span> <span class='ocrx_word' id='word_1_173' title='bbox 1244 2623 1299 2658; x_wconf 84' lang='lat' dir='ltr'><em>rom</em></span> <span class='ocrx_word' id='word_1_174' title='bbox 1316 2622 1376 2656; x_wconf 89' lang='lat' dir='ltr'><em>oon·</em></span> 
     </span>
     <span class='ocr_line' id='line_1_23' title="bbox 438 2693 1379 2766; baseline 0.001 -26"><span class='ocrx_word' id='word_1_175' title='bbox 438 2693 581 2743; x_wconf 80' lang='lat' dir='ltr'><em>traversam</em></span> <span class='ocrx_word' id='word_1_176' title='bbox 601 2695 782 2748; x_wconf 79' lang='lat' dir='ltr'><em>illustrandam</em></span> <span class='ocrx_word' id='word_1_177' title='bbox 802 2702 864 2766; x_wconf 78' lang='lat' dir='ltr'><em>apta</em></span> <span class='ocrx_word' id='word_1_178' title='bbox 880 2697 1034 2748; x_wconf 81' lang='lat' dir='ltr'><em>uiderentur.</em></span> <span class='ocrx_word' id='word_1_179' title='bbox 1070 2699 1143 2758; x_wconf 80' lang='lat' dir='ltr'><em>atque</em></span> <span class='ocrx_word' id='word_1_180' title='bbox 1162 2696 1201 2743; x_wconf 86' lang='lat' dir='ltr'><em>ita</em></span> <span class='ocrx_word' id='word_1_181' title='bbox 1216 2694 1333 2760; x_wconf 77' lang='lat' dir='ltr'><em>profesto</em></span> <span class='ocrx_word' id='word_1_182' title='bbox 1350 2708 1379 2740; x_wconf 88' lang='lat' dir='ltr'><em>se</em></span> 
     </span>
    </p>

    <p class='ocr_par' dir='ltr' id='par_1_7' title="bbox 295 2777 1380 4291">
     <span class='ocr_line' id='line_1_24' title="bbox 342 2777 1234 2848; baseline 0.002 -23"><span class='ocrx_word' id='word_1_183' title='bbox 342 2797 347 2808; x_wconf 95' lang='lat'><em>·</em></span> <span class='ocrx_word' id='word_1_184' title='bbox 435 2789 478 2826; x_wconf 79' lang='lat' dir='ltr'><em>res</em></span> <span class='ocrx_word' id='word_1_185' title='bbox 491 2777 574 2829; x_wconf 79' lang='lat' dir='ltr'><em>tabet.</em></span> <span class='ocrx_word' id='word_1_186' title='bbox 599 2781 703 2833; x_wconf 75' lang='lat' dir='ltr'><em>eutitii</em></span> <span class='ocrx_word' id='word_1_187' title='bbox 714 2787 780 2833; x_wconf 84' lang='lat' dir='ltr'><em>onim</em></span> <span class='ocrx_word' id='word_1_188' title='bbox 793 2783 926 2848; x_wconf 76' lang='lat' dir='ltr'><em>catalogus</em></span> <span class='ocrx_word' id='word_1_189' title='bbox 938 2783 985 2832; x_wconf 81' lang='lat' dir='ltr'><em>iias</em></span> <span class='ocrx_word' id='word_1_190' title='bbox 997 2781 1120 2831; x_wconf 82' lang='lat' dir='ltr'><em>editiones</em></span> <span class='ocrx_word' id='word_1_191' title='bbox 1130 2777 1234 2846; x_wconf 80' lang='lat' dir='ltr'><em>Apulei:</em></span> 
     </span>
     <span class='ocr_line' id='line_1_25' title="bbox 423 2851 1348 2931; baseline 0.002 -21"><span class='ocrx_word' id='word_1_192' title='bbox 423 2875 461 2926; x_wconf 68' lang='grc' dir='ltr'><em>«ρ.</em></span> <span class='ocrx_word' id='word_1_193' title='bbox 478 2860 522 2910; x_wconf 84' lang='lat'><em>25:</em></span> <span class='ocrx_word' id='word_1_194' title='bbox 541 2861 659 2928; x_wconf 77' lang='lat' dir='ltr'><em>*Apuleii</em></span> <span class='ocrx_word' id='word_1_195' title='bbox 670 2863 804 2931; x_wconf 79' lang='lat' dir='ltr'><em>Apologia,</em></span> <span class='ocrx_word' id='word_1_196' title='bbox 819 2882 873 2916; x_wconf 87' lang='lat' dir='ltr'><em>oum</em></span> <span class='ocrx_word' id='word_1_197' title='bbox 885 2851 961 2918; x_wconf 74' lang='lat' dir='ltr'><em>Notis</em></span> <span class='ocrx_word' id='word_1_198' title='bbox 974 2863 1123 2916; x_wconf 81' lang='lat' dir='ltr'><em>Gasauboni.</em></span> <span class='ocrx_word' id='word_1_199' title='bbox 1149 2862 1293 2914; x_wconf 86' lang='lat' dir='ltr'><em>Commelin.</em></span> <span class='ocrx_word' id='word_1_200' title='bbox 1308 2863 1348 2912; x_wconf 80' lang='lat'><em>94.</em></span> 
     </span>
     <span class='ocr_line' id='line_1_26' title="bbox 434 2945 1309 3013; baseline 0.015 -18"><span class='ocrx_word' id='word_1_201' title='bbox 434 2961 460 3012; x_wconf 85' lang='lat' dir='ltr'><em>p.</em></span> <span class='ocrx_word' id='word_1_202' title='bbox 479 2947 523 2996; x_wconf 80' lang='lat'><em>28:</em></span> <span class='ocrx_word' id='word_1_203' title='bbox 542 2945 681 3013; x_wconf 75' lang='lat' dir='ltr'><em>*Apuleius</em></span> <span class='ocrx_word' id='word_1_204' title='bbox 693 2949 761 3001; x_wconf 74' lang='lat' dir='ltr'><em>Alii.</em></span> <span class='ocrx_word' id='word_1_205' title='bbox 778 2951 849 3001; x_wconf 84' lang='lat'>1521.</span> <span class='ocrx_word' id='word_1_206' title='bbox 1308 2970 1309 2973; x_wconf 76' lang='grc'>’</span> 
     </span>
     <span class='ocr_line' id='line_1_27' title="bbox 435 3030 1377 3100; baseline -0.002 -19"><span class='ocrx_word' id='word_1_207' title='bbox 435 3048 460 3100; x_wconf 79' lang='lat' dir='ltr'><em>p.</em></span> <span class='ocrx_word' id='word_1_208' title='bbox 480 3031 523 3082; x_wconf 89' lang='lat'><em>31:</em></span> <span class='ocrx_word' id='word_1_209' title='bbox 542 3030 681 3098; x_wconf 81' lang='lat' dir='ltr'><em>*Apuleius</em></span> <span class='ocrx_word' id='word_1_210' title='bbox 691 3034 816 3085; x_wconf 74' lang='lat' dir='ltr'><em>Volsinii.</em></span> <span class='ocrx_word' id='word_1_211' title='bbox 829 3036 868 3085; x_wconf 85' lang='lat'><em>12.</em></span> <span class='ocrx_word' id='word_1_212' title='bbox 894 3035 973 3097; x_wconf 78' lang='lat' dir='ltr'><em>Lugd.</em></span> <span class='ocrx_word' id='word_1_213' title='bbox 984 3035 1086 3085; x_wconf 67' lang='lat' dir='ltr'><em>Bassi</em></span> <span class='ocrx_word' id='word_1_214' title='bbox 1105 3031 1328 3085; x_wconf 79' lang='lat' dir='ltr'><em>IdemWouweoii.</em></span> <span class='ocrx_word' id='word_1_215' title='bbox 1338 3031 1377 3080; x_wconf 81' lang='lat'><em>12.</em></span> 
     </span>
     <span class='ocr_line' id='line_1_28' title="bbox 544 3117 783 3183; baseline 0.013 -15"><span class='ocrx_word' id='word_1_216' title='bbox 544 3117 681 3183; x_wconf 75' lang='lat' dir='ltr'><em>Hsmburgi</em></span> <span class='ocrx_word' id='word_1_217' title='bbox 694 3121 783 3171; x_wconf 65' lang='grc'><strong>1606.»</strong></span> 
     </span>
     <span class='ocr_line' id='line_1_29' title="bbox 439 3201 1380 3273; baseline -0.005 -19"><span class='ocrx_word' id='word_1_218' title='bbox 439 3204 580 3254; x_wconf 77' lang='lat' dir='ltr'><em>asteriscus</em></span> <span class='ocrx_word' id='word_1_219' title='bbox 596 3209 684 3254; x_wconf 86' lang='lat' dir='ltr'><em>autem</em></span> <span class='ocrx_word' id='word_1_220' title='bbox 700 3204 784 3255; x_wconf 80' lang='lat' dir='ltr'><em>titolis</em></span> <span class='ocrx_word' id='word_1_221' title='bbox 800 3204 940 3256; x_wconf 78' lang='lat' dir='ltr'><em>editionum</em></span> <span class='ocrx_word' id='word_1_222' title='bbox 953 3206 1090 3273; x_wconf 70' lang='lat' dir='ltr'><em>praefixus</em></span> <span class='ocrx_word' id='word_1_223' title='bbox 1103 3203 1164 3270; x_wconf 83' lang='lat' dir='ltr'><em>quid</em></span> <span class='ocrx_word' id='word_1_224' title='bbox 1173 3201 1301 3264; x_wconf 74' lang='lat' dir='ltr'><em>sitientis,</em></span> <span class='ocrx_word' id='word_1_225' title='bbox 1318 3202 1380 3251; x_wconf 82' lang='lat' dir='ltr'><em>daeo</em></span> 
     </span>
     <span class='ocr_line' id='line_1_30' title="bbox 435 3286 1378 3356; baseline -0.004 -16"><span class='ocrx_word' id='word_1_226' title='bbox 435 3289 524 3340; x_wconf 84' lang='lat' dir='ltr'><em>notula</em></span> <span class='ocrx_word' id='word_1_227' title='bbox 538 3291 620 3356; x_wconf 87' lang='lat' dir='ltr'><em>primi</em></span> <span class='ocrx_word' id='word_1_228' title='bbox 635 3290 822 3356; x_wconf 76' lang='lat' dir='ltr'><em>oatologisotii</em></span> <span class='ocrx_word' id='word_1_229' title='bbox 836 3290 944 3342; x_wconf 80' lang='lat' dir='ltr'><em>indicat:</em></span> <span class='ocrx_word' id='word_1_230' title='bbox 963 3289 1120 3353; x_wconf 48' lang='lat' dir='ltr'><em>&amp;signifieat</em></span> <span class='ocrx_word' id='word_1_231' title='bbox 1138 3288 1231 3354; x_wconf 82' lang='lat' dir='ltr'><em>aliquid</em></span> <span class='ocrx_word' id='word_1_232' title='bbox 1248 3287 1273 3336; x_wconf 89' lang='lat' dir='ltr'><em>in</em></span> <span class='ocrx_word' id='word_1_233' title='bbox 1285 3286 1378 3336; x_wconf 84' lang='lat' dir='ltr'><em>eisdem</em></span> 
     </span>
     <span class='ocr_line' id='line_1_31' title="bbox 436 3371 1378 3438; baseline -0.002 -16"><span class='ocrx_word' id='word_1_234' title='bbox 436 3372 509 3423; x_wconf 85' lang='lat' dir='ltr'><em>libris</em></span> <span class='ocrx_word' id='word_1_235' title='bbox 526 3373 556 3422; x_wconf 84' lang='lat' dir='ltr'><em>eb</em></span> <span class='ocrx_word' id='word_1_236' title='bbox 572 3371 749 3425; x_wconf 76' lang='lat' dir='ltr'><em>illustrissimo</em></span> <span class='ocrx_word' id='word_1_237' title='bbox 763 3373 893 3438; x_wconf 77' lang='lat' dir='ltr'><em>Scaligero</em></span> <span class='ocrx_word' id='word_1_238' title='bbox 911 3383 1023 3427; x_wconf 81' lang='lat' dir='ltr'><em>notatum</em></span> <span class='ocrx_word' id='word_1_239' title='bbox 1041 3389 1122 3424; x_wconf 70' lang='lat' dir='ltr'><em>essen</em></span> <span class='ocrx_word' id='word_1_240' title='bbox 1140 3372 1207 3424; x_wconf 84' lang='lat' dir='ltr'><em>unde</em></span> <span class='ocrx_word' id='word_1_241' title='bbox 1223 3373 1307 3421; x_wconf 85' lang='lat' dir='ltr'><em>oirum</em></span> <span class='ocrx_word' id='word_1_242' title='bbox 1318 3371 1378 3421; x_wconf 85' lang='lat' dir='ltr'><em>iliu-</em></span> 
     </span>
     <span class='ocr_line' id='line_1_32' title="bbox 439 3456 1377 3526; baseline -0.004 -20"><span class='ocrx_word' id='word_1_243' title='bbox 439 3461 518 3508; x_wconf 84' lang='lat' dir='ltr'><em>strem</em></span> <span class='ocrx_word' id='word_1_244' title='bbox 539 3474 572 3507; x_wconf 85' lang='lat' dir='ltr'><em>ue</em></span> <span class='ocrx_word' id='word_1_245' title='bbox 589 3462 711 3525; x_wconf 81' lang='lat' dir='ltr'><em>prooeoia</em></span> <span class='ocrx_word' id='word_1_246' title='bbox 731 3458 831 3525; x_wconf 76' lang='lat' dir='ltr'><em>quidam</em></span> <span class='ocrx_word' id='word_1_247' title='bbox 848 3464 933 3510; x_wconf 86' lang='lat' dir='ltr'><em>aetate</em></span> <span class='ocrx_word' id='word_1_248' title='bbox 949 3459 1035 3510; x_wconf 80' lang='lat' dir='ltr'><em>studia</em></span> <span class='ocrx_word' id='word_1_249' title='bbox 1052 3457 1194 3526; x_wconf 78' lang='lat' dir='ltr'><em>Apuleiana</em></span> <span class='ocrx_word' id='word_1_250' title='bbox 1209 3470 1317 3523; x_wconf 80' lang='lat' dir='ltr'><em>prorsus</em></span> <span class='ocrx_word' id='word_1_251' title='bbox 1328 3456 1377 3503; x_wconf 85' lang='lat' dir='ltr'><em>ai-</em></span> 
     </span>
     <span class='ocr_line' id='line_1_33' title="bbox 436 3539 754 3609; baseline 0.016 -19"><span class='ocrx_word' id='word_1_252' title='bbox 436 3539 536 3591; x_wconf 85' lang='lat' dir='ltr'><em>dieasse</em></span> <span class='ocrx_word' id='word_1_253' title='bbox 548 3544 677 3609; x_wconf 78' lang='lat' dir='ltr'><em>suspicari</em></span> <span class='ocrx_word' id='word_1_254' title='bbox 688 3543 754 3595; x_wconf 85' lang='lat' dir='ltr'><em>lieet.</em></span> 
     </span>
     <span class='ocr_line' id='line_1_34' title="bbox 296 3625 1159 3693; baseline 0 -18"><span class='ocrx_word' id='word_1_255' title='bbox 296 3651 307 3660; x_wconf 89' lang='lat'><em>-</em></span> <span class='ocrx_word' id='word_1_256' title='bbox 352 3625 405 3687; x_wconf 83' lang='grc'><em>7,3</em></span> <span class='ocrx_word' id='word_1_257' title='bbox 433 3627 511 3676; x_wconf 81' lang='lat' dir='ltr'><em>verta</em></span> <span class='ocrx_word' id='word_1_258' title='bbox 522 3639 625 3676; x_wconf 79' lang='lat' dir='ltr'><em>munere</em></span> <span class='ocrx_word' id='word_1_259' title='bbox 638 3627 710 3678; x_wconf 83' lang='lat' dir='ltr'><em>deum</em></span> <span class='ocrx_word' id='word_1_260' title='bbox 722 3657 756 3666; x_wconf 90' lang='lat'>-</span> <span class='ocrx_word' id='word_1_261' title='bbox 768 3645 817 3680; x_wconf 87' lang='lat' dir='ltr'><em>non</em></span> <span class='ocrx_word' id='word_1_262' title='bbox 830 3629 961 3693; x_wconf 75' lang='lat' dir='ltr'><em>obtingunt</em></span> <span class='ocrx_word' id='word_1_263' title='bbox 974 3629 1048 3680; x_wconf 80' lang='lat' dir='ltr'><em>unsis</em></span> <span class='ocrx_word' id='word_1_264' title='bbox 1059 3627 1159 3677; x_wconf 77' lang='lat' dir='ltr'><em>inclusi.</em></span> 
     </span>
     <span class='ocr_line' id='line_1_35' title="bbox 295 3709 969 3780; baseline 0.009 -21"><span class='ocrx_word' id='word_1_265' title='bbox 295 3736 306 3744; x_wconf 94' lang='lat'>·</span> <span class='ocrx_word' id='word_1_266' title='bbox 336 3709 404 3774; x_wconf 65' lang='lat'><em>¹²³9</em></span> <span class='ocrx_word' id='word_1_267' title='bbox 433 3717 484 3762; x_wconf 79' lang='lat' dir='ltr'><em>tum</em></span> <span class='ocrx_word' id='word_1_268' title='bbox 496 3711 613 3763; x_wconf 67' lang='lat' dir='ltr'><em>stabilem</em></span> <span class='ocrx_word' id='word_1_269' title='bbox 625 3713 789 3780; x_wconf 81' lang='lat' dir='ltr'><em>suspitionem</em></span> <span class='ocrx_word' id='word_1_270' title='bbox 801 3716 844 3767; x_wconf 83' lang='lat' dir='ltr'><em>At.</em></span> <span class='ocrx_word' id='word_1_271' title='bbox 858 3715 969 3767; x_wconf 78' lang='lat' dir='ltr'><em>Biesius.</em></span> 
     </span>
     <span class='ocr_line' id='line_1_36' title="bbox 296 3795 1180 3867; baseline 0.002 -24"><span class='ocrx_word' id='word_1_272' title='bbox 296 3821 305 3829; x_wconf 95' lang='lat'>-</span> <span class='ocrx_word' id='word_1_273' title='bbox 335 3795 375 3860; x_wconf 84' lang='lat'><em>13,</em></span> <span class='ocrx_word' id='word_1_274' title='bbox 389 3795 404 3844; x_wconf 90' lang='lat'><strong>3</strong></span> <span class='ocrx_word' id='word_1_275' title='bbox 435 3795 462 3847; x_wconf 82' lang='lat' dir='ltr'><em>C.</em></span> <span class='ocrx_word' id='word_1_276' title='bbox 472 3796 502 3848; x_wconf 85' lang='lat' dir='ltr'><em>F.</em></span> <span class='ocrx_word' id='word_1_277' title='bbox 513 3797 552 3850; x_wconf 94' lang='lat' dir='ltr'><em>W</em></span> <span class='ocrx_word' id='word_1_278' title='bbox 552 3835 558 3848; x_wconf 90' lang='lat'><strong>.</strong></span> <span class='ocrx_word' id='word_1_279' title='bbox 567 3797 706 3850; x_wconf 75' lang='lat' dir='ltr'><em>Maeliana</em></span> <span class='ocrx_word' id='word_1_280' title='bbox 719 3800 786 3863; x_wconf 86' lang='lat' dir='ltr'><em>(nou.</em></span> <span class='ocrx_word' id='word_1_281' title='bbox 798 3817 865 3852; x_wconf 86' lang='lat' dir='ltr'><em>mus.</em></span> <span class='ocrx_word' id='word_1_282' title='bbox 879 3801 950 3852; x_wconf 78' lang='lat' dir='ltr'><em>rhen.</em></span> <span class='ocrx_word' id='word_1_283' title='bbox 963 3797 1057 3853; x_wconf 84' lang='lat' dir='ltr'>XVIIII</span> <span class='ocrx_word' id='word_1_284' title='bbox 1067 3815 1093 3867; x_wconf 79' lang='lat' dir='ltr'><em>p.</em></span> <span class='ocrx_word' id='word_1_285' title='bbox 1109 3797 1180 3860; x_wconf 78' lang='lat'>311&gt;:</span> 
     </span>
     <span class='ocr_line' id='line_1_37' title="bbox 512 3885 1133 3955; baseline 0.003 -25"><span class='ocrx_word' id='word_1_286' title='bbox 512 3896 557 3947; x_wconf 82' lang='lat' dir='ltr'><em>pen</em></span> <span class='ocrx_word' id='word_1_287' title='bbox 569 3890 657 3948; x_wconf 82' lang='lat' dir='ltr'><em>peetus</em></span> <span class='ocrx_word' id='word_1_288' title='bbox 670 3893 753 3936; x_wconf 79' lang='lat' dir='ltr'><em>manat</em></span> <span class='ocrx_word' id='word_1_289' title='bbox 766 3885 848 3936; x_wconf 85' lang='lat' dir='ltr'><em>subito</em></span> <span class='ocrx_word' id='word_1_290' title='bbox 861 3885 964 3955; x_wconf 84' lang='lat' dir='ltr'><em>stupido</em></span> <span class='ocrx_word' id='word_1_291' title='bbox 976 3885 1035 3934; x_wconf 87' lang='lat' dir='ltr'><em>mihi</em></span> <span class='ocrx_word' id='word_1_292' title='bbox 1048 3885 1133 3934; x_wconf 79' lang='lat' dir='ltr'><em>sudor.</em></span> 
     </span>
     <span class='ocr_line' id='line_1_38' title="bbox 548 3967 1109 4038; baseline 0.005 -22"><span class='ocrx_word' id='word_1_293' title='bbox 548 3967 584 4016; x_wconf 87' lang='lat' dir='ltr'><em>sie</em></span> <span class='ocrx_word' id='word_1_294' title='bbox 596 3967 690 4018; x_wconf 71' lang='lat' dir='ltr'><em>tacitus</em></span> <span class='ocrx_word' id='word_1_295' title='bbox 703 3969 823 4037; x_wconf 83' lang='lat' dir='ltr'><em>stupidus</em></span> <span class='ocrx_word' id='word_1_296' title='bbox 834 3970 949 4038; x_wconf 82' lang='lat' dir='ltr'><em>supplioo</em></span> <span class='ocrx_word' id='word_1_297' title='bbox 961 3970 1008 4021; x_wconf 85' lang='lat' dir='ltr'><em>deo</em></span> <span class='ocrx_word' id='word_1_298' title='bbox 1019 3985 1109 4038; x_wconf 80' lang='lat' dir='ltr'><em>puero.</em></span> 
     </span>
     <span class='ocr_line' id='line_1_39' title="bbox 439 4049 707 4118; baseline 0.004 -15"><span class='ocrx_word' id='word_1_299' title='bbox 439 4049 469 4103; x_wconf 79' lang='lat' dir='ltr'><em>ii.</em></span> <span class='ocrx_word' id='word_1_300' title='bbox 479 4049 604 4118; x_wconf 83' lang='lat' dir='ltr'><em>Peiporus</em></span> <span class='ocrx_word' id='word_1_301' title='bbox 617 4052 707 4117; x_wconf 65' lang='lat' dir='ltr'><em>(uitiis</em></span> 
     </span>
     <span class='ocr_line' id='line_1_40' title="bbox 513 4138 1133 4205; baseline 0.003 -21"><span class='ocrx_word' id='word_1_302' title='bbox 513 4150 559 4199; x_wconf 78' lang='lat' dir='ltr'><em>per</em></span> <span class='ocrx_word' id='word_1_303' title='bbox 570 4144 658 4201; x_wconf 86' lang='lat' dir='ltr'><em>peetus</em></span> <span class='ocrx_word' id='word_1_304' title='bbox 670 4146 755 4191; x_wconf 80' lang='lat' dir='ltr'><em>menet</em></span> <span class='ocrx_word' id='word_1_305' title='bbox 767 4139 851 4191; x_wconf 85' lang='lat' dir='ltr'><em>subito</em></span> <span class='ocrx_word' id='word_1_306' title='bbox 862 4139 964 4205; x_wconf 74' lang='lat' dir='ltr'><em>gelidus</em></span> <span class='ocrx_word' id='word_1_307' title='bbox 976 4138 1035 4190; x_wconf 79' lang='lat' dir='ltr'><em>mihi</em></span> <span class='ocrx_word' id='word_1_308' title='bbox 1047 4138 1133 4188; x_wconf 74' lang='lat' dir='ltr'><em>sudor,</em></span> 
     </span>
     <span class='ocr_line' id='line_1_41' title="bbox 511 4220 1072 4291; baseline 0.007 -23"><span class='ocrx_word' id='word_1_309' title='bbox 511 4222 517 4236; x_wconf 87' lang='lat'>&#39;</span> <span class='ocrx_word' id='word_1_310' title='bbox 547 4220 583 4269; x_wconf 84' lang='lat' dir='ltr'><em>sie</em></span> <span class='ocrx_word' id='word_1_311' title='bbox 594 4221 688 4274; x_wconf 78' lang='lat' dir='ltr'><em>taeitos</em></span> <span class='ocrx_word' id='word_1_312' title='bbox 700 4224 808 4276; x_wconf 82' lang='lat' dir='ltr'><em>rubidus</em></span> <span class='ocrx_word' id='word_1_313' title='bbox 820 4225 881 4276; x_wconf 79' lang='lat' dir='ltr'><em>duna</em></span> <span class='ocrx_word' id='word_1_314' title='bbox 891 4224 975 4291; x_wconf 83' lang='lat' dir='ltr'><em>pudeo</em></span> <span class='ocrx_word' id='word_1_315' title='bbox 987 4239 1072 4289; x_wconf 76' lang='lat' dir='ltr'><em>pereo.</em></span> 
     </span>
    </p>
   </div>
   <div class='ocr_carea' id='block_1_7' title="bbox 0 0 1621 5026">
    <p class='ocr_par' dir='ltr' id='par_1_8' title="bbox 0 0 1621 5026">
     <span class='ocr_line' id='line_1_42' title="bbox 0 0 1621 5026; baseline 0 0"><span class='ocrx_word' id='word_1_316' title='bbox 0 0 1621 5026; x_wconf 95' lang='lat' dir='ltr'><em> </em></span> 
     </span>
    </p>
   </div>
  </div>
 </body>
</html>
