3226 5026
319 451 361 514 30
658 443 687 498 n.
706 441 829 498 ervum
847 441 1084 497 urnrvauusrs

175 535 259 577 111οι
274 535 291 576 1.
300 535 337 577 ‘lb-
1341 528 1385 570 Ed.
1400 529 1505 572 Oudond.

323 602 488 666 incredibili
500 600 625 684 qrradam
640 599 671 664 ui
685 600 885 664 cantaminum
900 600 1016 682 polleat,
1033 598 1142 680 oppido
1157 595 1260 674 miror,
1276 617 1330 661 cur
1345 615 1432 661 accu-

324 721 389 768 sare
403 723 466 770 non
478 704 631 769 timuerint
645 721 734 783 quem
748 721 837 785 posse
855 709 972 765 tantum
989 702 1128 766 latentur.
1158 719 1254 784 neque
1272 702 1351 764 enim
1372 707 1432 763 tam

325 809 437 872 occulta
451 815 480 870 ct
495 807 594 871 diuina
608 807 739 890 potentia
753 805 850 868 caueri
865 812 964 886 potest
981 805 1083 868 itidem
1102 811 1136 866 ut
1154 812 1257 866 cetera.
1296 804 1433 867 sicarium

272 977 278 984 ,
324 911 374 992 qui
393 911 425 973 in
443 911 583 975 iudicium
605 916 702 985 uocat,
723 909 880 971 comitatus
901 909 995 970 uenit:
1025 907 1075 990 qui
1096 907 1289 970 uenenarium
1308 914 1439 982 accusat,

324 1013 527 1095 scrupulosius
548 1013 677 1076 cibatur:
707 1012 757 1094 qui
778 1012 874 1075 furem
895 1011 1004 1092 argrdt,
1024 1030 1078 1074 sua
1102 1011 1239 1073 custodit.
1281 1011 1432 1074 enimuero
1454 1021 1469 1071 5

324 1116 374 1197 qui
396 1134 517 1196 magum
541 1117 658 1196 qualem
682 1114 730 1176 isti
755 1114 856 1177 dicunt
880 1115 911 1176 iu
934 1113 1091 1176 discrimen
1107 1114 1209 1195 capitis
1225 1113 1351 1188 deducit,
1368 1113 1433 1194 qui-

323 1219 380 1281 bus
395 1219 563 1293 comitibus,
579 1218 685 1299 quibus
704 1218 861 1299 scrupulis,
878 1217 984 1298 quibus
1002 1216 1174 1279 custodibus
1189 1216 1347 1298 perniciem
1368 1234 1433 1278 cac·

324 1340 389 1384 cam
403 1330 433 1384 et
445 1321 643 1384 ineuitabilem
657 1317 833 1402 prohibeat?
853 1319 940 1382 nullis
956 1319 1078 1383 scilicet:
1100 1326 1129 1382 et
1143 1319 1208 1384 ideo
1224 1320 1254 1383 id
1269 1337 1361 1400 genus
1375 1319 1434 1382 cri·

324 1442 470 1488 mennon
485 1429 530 1486 est
544 1423 607 1487 eius
622 1441 758 1487 accusare
774 1423 824 1504 qui
838 1423 938 1485 credit.

207 1537 306 1593 xxvll
409 1526 519 1589 Verum
532 1528 604 1589 baec
617 1527 711 1590 ferme
725 1526 878 1592 communi
892 1526 1021 1607 quodam
1033 1543 1133 1590 errore
1143 1525 1350 1606 imperitorum
1364 1526 1432 1608 phi·
1446 1500 1505 1621 (ἓξ)

324 1630 457 1712 losophis
473 1629 664 1706 obiectantur,
679 1635 713 1692 ut
727 1629 835 1712 partim
850 1647 955 1691 eorum
970 1629 1020 1710 qui
1034 1646 1196 1710 corporum
1220 1646 1322 1691 causas
1338 1647 1433 1691 meras

324 1737 353 1793 et
368 1731 515 1811 simplices
530 1733 676 1796 rimantur
689 1731 869 1811 irreligiosos
884 1737 988 1814 putent
1003 1751 1096 1812 eoque
1111 1731 1189 1794 aiant
1209 1731 1281 1794 deos
1296 1730 1433 1806 abnuere,

324 1838 359 1895 ut
381 1829 592 1916 Analxagoram
616 1841 646 1895 et
664 1834 847 1915 Leucippum
870 1841 899 1895 et
918 1834 1121 1897 Democritum
1146 1840 1176 1894 et
1198 1833 1359 1914 Epicurum
1384 1853 1434 1897 ce-

324 1940 462 2015 terosque
477 1953 576 1999 rerum
591 1942 713 1999 naturae
728 1943 884 2019 patronos:
900 1936 1007 2017 partim
1022 1943 1130 2011 autern,
1152 1937 1202 2017 qui
1217 1936 1434 2018 prouidentiam

325 2036 427 2099 mundi
446 2037 591 2104 curiosius
610 2037 755 2119 uestigant
775 2045 804 2102 et
821 2039 985 2121 impensius
1009 2039 1081 2102 deos
1102 2039 1261 2114 celebrant,
1287 2055 1339 2101 eos
1359 2058 1431 2102 uero
1454 2057 1487 2107 15

324 2139 414 2221 uulgo
429 2159 532 2222 magos
547 2141 711 2217 nominent,
728 2143 812 2221 quasi
825 2143 920 2204 lacere
936 2142 1024 2205 etiam
1039 2143 1132 2204 sciant
1151 2160 1225 2223 quae
1245 2141 1339 2204 sciant
1360 2142 1432 2216 fieri,

323 2248 358 2305 ut
378 2243 447 2307 olim
469 2243 552 2306 luere
572 2244 760 2327 Epimenides
785 2251 814 2306 et
836 2244 972 2326 Orpheus
997 2251 1026 2306 et
1045 2245 1225 2326 Pythagoras
1245 2251 1274 2306 et
1298 2243 1432 2307 Ostanes.

324 2363 359 2408 ac
381 2345 449 2409 dein
470 2345 604 2408 similiter
623 2353 789 2428 suspectata
807 2347 979 2430 Empedocli
999 2339 1185 2429 καθαρμοὶ,
1206 2347 1335 2409 Socratis
1356 2342 1434 2409 dcc·
1599 2405 1600 2414 ,

322 2439 647 2527 corporatorum
669 2441 807 2530 ἀγαθόν.
838 2451 969 2530 gratulor
982 2451 1071 2532 igitur
1085 2450 1167 2525 mihi,
1188 2468 1258 2512 cum
1273 2456 1302 2510 et
1317 2467 1370 2528 ego
1384 2455 1430 2512 tot
1444 2475 1506 2530 (4⁵4)
1599 2415 1600 2498 i

324 2551 548 2614 actantisuiris
563 2551 753 2628 adnumercr,
1453 2564 1489 2616 20

410 2653 546 2715 Ceterum
561 2672 595 2714 ea
610 2673 683 2734 quae
698 2654 734 2715 ab
748 2654 805 2716 illis
821 2655 857 2716 ad
873 2656 1089 2718 ostendendum
1104 2657 1216 2719 crimen
1231 2656 1343 2719 obiecta
1362 2660 1431 2716 sunt

324 2771 401 2818 uana
418 2761 448 2816 et
469 2754 568 2835 inepta
593 2757 761 2832 simulacra,
782 2776 898 2834 uereor,
920 2776 958 2820 ne
972 2759 1039 2821 ideo
1059 2765 1176 2822 tantum
1194 2759 1317 2822 crimina
1336 2761 1431 2838 putes,

324 2857 404 2937 quod
424 2857 537 2920 obiecta
555 2865 634 2921 suut.
666 2851 751 2935 ‘cur‚’
769 2861 877 2942 inquit,
895 2854 1034 2942 ‘piscium
1054 2862 1198 2942 quaedam
1217 2879 1324 2942 genera
1343 2877 1432 2939 quae-

318 2944 422 3022 ‘sistil'
444 2947 528 3041 quasi
541 2960 571 3022 id
584 2961 758 3040 cognitionis
774 2955 1051 3044 gratii‘pbilosopho
1066 2965 1162 3027 facere
1172 2982 1234 3026 non
1244 2965 1337 3038 liceat,
1353 2962 1433 3044 quod

322 3061 474 3126 luxurioso
494 3064 578 3143 gulae
597 3083 685 3128 causa
705 3066 813 3128 liceret.
845 3055 910 3128 ‘cur
921 3065 1036 3154 ¹mulier
1052 3067 1144 3130 libera
1163 3067 1216 3130 tibi
1239 3066 1341 3147 nupsit
1361 3070 1430 3144 post
1452 3074 1488 3126 25

324 3181 418 3228 annos
433 3165 572 3229 tredecim
587 3159 772 3230 uiduitatist’
795 3168 879 3248 quasi
898 3186 960 3229 non
979 3170 1072 3250 magis
1092 3170 1260 3234 mirandum
1280 3169 1331 3242 sit,
1352 3166 1431 3248 quod

392 3335 562 3387 liucrcdibili
579 3335 757 3389 eosaoooousz
779 3336 936 3388 incredibilia
951 3336 1015 3407 Epv
1045 3336 1051 3406 Ι
1082 3339 1281 3408 ...caminump
1313 3335 1324 3406 l
1356 3336 1433 3386 inc-

308 3442 312 3452 ·
325 3423 481 3484 questurum
504 3413 515 3482 ll
539 3417 554 3464 3
567 3424 670 3469 caetera
681 3433 698 3468 v
718 3415 729 3484 q
749 3418 766 3467 4
780 3419 909 3485 υενῠαφιί
921 3420 1082 3470 uenenarium
1091 3429 1195 3472 accusat
1206 3423 1234 3471 tn
1243 3438 1266 3489 φ
1275 3421 1436 3486 ooetmtpoct

323 3497 402 3547 verbo
413 3496 586 3561 scrupulosius
604 3497 702 3548 cibatur
724 3496 735 3566 l
759 3497 886 3565 dqualem
897 3513 936 3549 me
948 3497 1107 3553 Stasoocltuc
1130 3499 1141 3570 l
1169 3499 1332 3566 lscrupults]
1351 3497 1432 3547 satel-

324 3575 412 3628 litibus
423 3574 580 3630 Stetoecbc'ur
600 3577 611 3648 Ι
635 3580 650 3632 8
663 3578 739 3630 nullis
751 3595 772 3631 s.
786 3596 815 3632 v:
829 3582 906 3632 nullis
918 3582 1018 3634 scilicet
1026 3583 1119 3635 dotauit
1132 3581 1276 3634 Groslotiur
1300 3577 1311 3646 ll
1342 3578 1371 3628 11
1386 3593 1432 3628 cos

323 3655 428 3710 loliatus
443 3654 448 3724 Ι
463 3661 604 3726 corporum]
618 3662 751 3713 rerumool
761 3662 866 3712 deorum
876 3662 976 3716 Colotes
988 3662 1000 3732 fl
1013 3665 1045 3715 12
1055 3664 1175 3732 simplicis
1186 3679 1203 3714 v
1218 3662 1222 3731 Ι
1237 3661 1326 3714 malim
1336 3673 1432 3728 cosque

322 3735 333 3806 l
362 3739 394 3792 13
409 3746 576 3808 caeterosque
588 3757 605 3794 v
636 3739 647 3810 ll
672 3743 703 3794 15
715 3757 778 3796 uero
790 3744 876 3809 culm]
889 3759 960 3796 more
972 3745 1043 3810 uulgi
1054 3743 1183 3814 lalmiusll
1200 3744 1231 3795 1'l
1245 3743 1432 3808 Pitlragorascp

770 3825 844 3866 edocll

321 3871 331 3939 Ι]
346 3873 378 3926 18
389 3874 506 3927 debiucv
520 3873 526 3942 Ι
545 3883 690 3943 suspectata
702 3877 734 3927 d.
747 3835 847 3943 dodo-cli
858 3879 1003 3933 catbarmoe
1014 3881 1069 3949 no,
1086 3887 1206 3947 suspecta
1217 3885 1258 3929 est
1270 3875 1370 3942 pedocli
1382 3875 1430 3928 eo-

322 3954 434 4023 thorpoe
446 3956 470 4007 V
493 3954 498 4023 l
520 3958 680 4024 Empedoclis
692 3957 813 4012 Floridior
832 3958 837 4026 1
857 3961 971 4013 Socratis
982 3961 1120 4014 liemonion
1131 3959 1186 4032 Ep,
1199 3959 1300 4026 Socrqti
1311 3950 1430 4008 Dononid

323 4033 347 4086 V
370 4033 381 4102 l
409 4037 441 4088 19
457 4035 558 4092 Platoni
578 4040 722 4093 Violentus
745 4039 756 4109 ll
779 4042 812 4092 20
828 4042 979 4094 adnumerer
991 4045 1096 4111 scripsi:
1109 4040 1336 4108 adnumerochpv
1364 4037 1375 4106 fl
1398 4039 1428 4088 21

322 4133 354 4170 ea
366 4135 416 4170 om.
428 4137 446 4172 v
461 4121 466 4188 l
484 4123 579 4175 crimen
591 4125 682 4177 dolovd
696 4123 854 4179 Stowecbtos
877 4126 887 4196 ΙΙ
916 4129 949 4179 22
962 4129 1097 4179 simulacra
1109 4131 1213 4197 scripsi:
1226 4124 1350 4191 simplicia
1359 4122 1432 4193 Frpv,

323 4200 483 4268 etsirnplicic
497 4219 520 4259 r:
541 4220 572 4255 cc
587 4205 710 4274 simplicia
725 4207 930 4274 Hildolrmtda'us,
951 4209 1043 4262 similia
1059 4209 1196 4280 Scioppius
1225 4205 1231 4274 Ι
1256 4208 1323 4260 baud
1335 4220 1429 4258 uereor
1497 4214 1501 4219 ·

322 4278 448 4348 ladnirull
471 4284 631 4350 2bscrtrmc
641 4287 703 4337 licet
718 4284 730 4354 Ι
746 4287 779 4340 26
791 4289 833 4339 xiii
844 4289 925 4359 an:
939 4293 1129 4357 quatuordecim
1142 4290 1310 4342 mebcnuc
1321 4285 1333 4356 Ι
