3226 5026
506 472 613 526 ISAACI
626 473 813 530 ulsAvsotu
824 471 1013 530 PRAEFATIO
1260 489 1315 538 m

207 641 244 698 ut
261 630 405 697 omnium
420 626 551 698 minime
568 638 785 696 correctorum
803 653 916 696 manus
932 638 1109 719 expertam,
1134 638 1166 695 et
1181 627 1315 717 proinde

208 737 314 804 minus
338 744 539 823 corruptam,
568 759 627 824 per
656 736 764 802 omnia
787 737 890 804 secuti
914 759 1038 804 sumus:
1068 735 1131 801 nisi
1153 759 1192 803 ea
1205 735 1315 803 'mani-

208 844 291 910 feste
325 842 441 910 vitiosa
476 850 569 908 esset.
628 840 714 908 Nam
749 851 781 908 et
815 843 900 931 ipss,
938 851 1066 931 praeter
1100 865 1196 929 quam
1231 841 1317 931 quod

212 948 341 1017 Graeca
362 951 431 1015 fere
453 970 518 1013 non
540 946 669 1031 habuit,
700 971 817 1034 graves
846 971 908 1015 nec
936 969 1055 1040 paucas
1085 948 1217 1015 mendas
1242 970 1316 1014 oon-

211 1057 302 1123 tinet.
342 1077 513 1143 quernos,
537 1053 602 1120 Dei
625 1052 754 1138 virtute,
778 1054 949 1142 plerasque
973 1075 1084 1120 omnes
1108 1054 1219 1140 sagaci
1242 1076 1317 1120 con-

212 1161 335 1229 iectura
363 1160 582 1228 abstersimus.
627 1159 797 1226 Eiusmodi
826 1169 875 1226 est
898 1159 984 1246 quod
1006 1161 1121 1226 falsam
1145 1155 1316 1244 ἐπιγραφήν,

212 1291 295 1356 quae
310 1267 488 1333 orationem
503 1266 643 1348 unicam,
668 1275 701 1332 et
715 1275 750 1333 ut
765 1265 989 1332 Iurisconsulti
1003 1267 1189 1353 loquuntur,
1211 1274 1318 1331 uotum

211 1372 409 1461 legitimum,
440 1371 495 1460 qui
517 1370 699 1437 necessario
724 1372 894 1438 continuus
917 1393 987 1438 esse
1010 1371 1120 1454 debet,
1149 1371 1232 1436 male
1256 1370 1318 1436 dis-

213 1480 382 1569 peseebat‚
415 1477 671 1561 emendavimus,
696 1499 843 1565 quaeque
866 1477 945 1543 vitio
970 1479 1217 1565 separabantur,
1242 1498 1319 1542 cou-

213 1584 386 1668 iunximus,
411 1594 444 1649 et
466 1583 500 1648 in
523 1583 690 1670 pristinam
715 1582 933 1670 integritatem
951 1583 1158 1650 restituimus.
1197 1580 1319 1649 Aucto-

215 1692 257 1757 ris
280 1714 345 1756 non
369 1711 440 1755 esse
463 1710 535 1754 eam
557 1688 748 1772 sectionem,
772 1711 867 1754 nemo
891 1711 987 1755 sanus
1010 1689 1045 1756 in
1068 1687 1320 1755 controversiam

215 1819 331 1863 vocare
354 1802 469 1884 potest.
515 1793 602 1860 Nam
625 1817 741 1882 quare,
772 1795 921 1876 obsecre,
951 1795 986 1861 in
1013 1794 1181 1862 scribendo
1205 1793 1320 1860 oratio·

216 1927 289 1970 nem
318 1901 495 1983 divisisset,
532 1923 630 1986 quam
659 1923 725 1966 uno
751 1909 862 1967 tenore
891 1901 977 1989 apud
1000 1901 1148 1968 Process.
1181 1925 1320 1990 pronun-

215 2009 349 2075 tiasset?
384 2028 447 2096 quo
478 2007 652 2093 exemplo?
687 2015 742 2073 aut
771 2029 868 2095 quam
898 2008 939 2074 ob
971 2009 1141 2074 caussam?
1174 2032 1216 2074 an
1247 2005 1322 2095 quia

215 2116 297 2182 liber
325 2112 453 2201 longior
479 2120 548 2178 erat
575 2111 724 2178 futurus?
752 2137 868 2201 nugae.
918 2112 1009 2201 quasi
1036 2136 1101 2179 non
1124 2114 1243 2179 multae
1266 2113 1338 2177 ho*

217 2221 269 2287 die
298 2227 406 2286 extent
434 2228 467 2286 et
490 2217 691 2285 Graecorum
715 2227 933 2287 oratorumet
954 2217 1176 2285 Romanorum
1198 2217 1322 2306 longio-

216 2350 278 2393 res.
327 2325 456 2392 Deinde
486 2323 557 2413 quis
586 2347 652 2391 non
682 2322 785 2409 videt,
821 2334 926 2392 totum
952 2325 1104 2392 orationis
1136 2333 1323 2390 contextum

217 2457 282 2499 una
303 2433 522 2520 propositione
545 2431 703 2499 contineri
710 2445 811 2515 ,uno
836 2431 964 2521 epilogo
987 2430 1117 2498 claudi?
1144 2429 1221 2497 Nou
1244 2453 1322 2518 ergo

173 2579 176 2590 ·
219 2537 360 2605 auctoris
384 2547 452 2605 erat
474 2539 530 2604 illa
552 2533 641 2625 τομήι
672 2561 768 2626 quam
791 2547 962 2626 propterea
985 2537 1054 2604 iure
1077 2536 1192 2603 merito
1220 2545 1322 2604 sustu·

157 2653 159 2658 ’
218 2646 324 2713 limus.
360 2645 549 2733 praesertim
566 2667 639 2712 cum
656 2643 846 2712 auctoritate
862 2643 977 2710 summi
992 2643 1055 2710 viri
1070 2642 1195 2710 Aurelii
1211 2642 1323 2732 Augu-

219 2753 294 2820 stini
321 2753 442 2820 factum
471 2760 616 2818 nostrum
644 2751 727 2817 tueri
755 2749 930 2839 possimus:
961 2751 1016 2838 qui
1039 2755 1204 2818 orationem
1226 2756 1324 2836 cupio·

218 2863 370 2926 maumam
397 2861 482 2926 huno
510 2858 628 2924 librum
657 2857 806 2945 appellat.
852 2856 1002 2924 nimirum
1026 2857 1094 2923 eius
1117 2867 1223 2924 aetate
1245 2880 1324 2924 non·

218 2966 294 3032 dum
318 2974 466 3032 exortum
489 2974 558 3031 erat
581 2963 665 3030 istud
687 2963 929 3052 ingeniosorum
950 2962 1116 3029 hominum
1132 2986 1245 3051 genus,
1269 2963 1325 3051 qui
1348 2967 1349 2970 ’

218 3072 335 3161 purtim
364 3070 562 3160 ignorantia,
598 3069 715 3158 partim
745 3066 890 3158 περιεργίᾳ
920 3068 1131 3150 intolerabili,
1161 3070 1195 3135 in
1223 3069 1325 3135 bonos

220 3186 367 3244 auctores
394 3175 518 3263 pridem
542 3185 737 3263 grassentur.
785 3174 954 3240 Eiusmodi
976 3173 1160 3240 hominibus
1181 3163 1325 3263 partitio-

220 3306 295 3349 nem
317 3281 400 3348 hane
424 3290 591 3368 acceptam
614 3281 699 3348 ferre
721 3279 889 3347 debemus:
922 3279 977 3366 qui
1001 3279 1098 3346 etiem
1120 3279 1324 3347 Floridorum

219 3388 338 3456 librum
371 3388 511 3476 primum
544 3387 579 3453 in
613 3386 693 3453 duos
727 3410 792 3453 non
826 3385 951 3452 minore
980 3385 1105 3474 flagitio
1134 3387 1325 3454 tribuerunt.

218 3518 284 3561 non
319 3494 404 3561 enim
442 3503 597 3583 quatuor,
632 3493 690 3560 sed
720 3503 785 3559 tres
815 3493 917 3558 solum
947 3493 1021 3559 libri
1051 3491 1256 3560 Floridorum
1285 3494 1327 3560 ab

220 3599 358 3689 Apuleio
391 3609 465 3667 sunt
493 3600 607 3667 relicti.
656 3636 700 3647 —
723 3636 767 3647 —
791 3638 832 3647 -
856 3598 968 3665 Redeo
992 3599 1032 3666 ad
1055 3600 1236 3666 Romanam
1260 3599 1325 3665 edi-

220 3705 358 3772 tionem:
389 3727 431 3770 ex
458 3731 522 3794 qua
549 3705 632 3773 seire
655 3706 729 3771 volo
752 3706 906 3771 lectorem
928 3706 1098 3793 plerasque
1122 3727 1233 3770 omnes
1257 3727 1327 3770 esse

220 3811 460 3878 emendationes
482 3820 641 3898 promtus,
670 3832 804 3899 quarum
831 3811 913 3876 ratio
936 3811 998 3876 hoc
1020 3810 1104 3878 libro
1126 3831 1192 3875 non
1215 3808 1327 3874 redde-

219 3925 281 3984 tur.
336 3916 438 3981 Porro
473 3917 544 4005 quis
573 3918 627 3982 ille
656 3916 753 3984 fuerit
782 3916 837 4003 qui
865 3915 993 4004 primns
1016 3923 1140 3981 tantum
1168 3912 1328 4001 flagitium

192 4097 193 4101 η
220 4020 402 4106 admiserit,
432 4030 465 4087 et
493 4032 542 4088 tot
570 4031 714 4088 monstra
736 4019 830 4089 nobis
852 4030 925 4110 post
947 4021 1037 4086 illam
1059 4019 1233 4088 editionem
1255 4042 1328 4108 pro-

220 4128 344 4212 tulerit,
376 4149 435 4215 pro
464 4138 552 4195 certo
583 4138 782 4216 compertum
811 4150 877 4194 non
905 4126 1069 4194 habemus.
1093 4131 1192 4230 ''puto
1221 4135 1329 4192 tumen

221 4233 422 4301 Berrandum
451 4234 688 4302 Philomathem
711 4235 863 4301 Pisanum
886 4233 1000 4316 fuisse,
1033 4232 1088 4320 qui
1118 4255 1189 4304 eam
1219 4230 1328 4298 editio-

1110 4345 1130 4396 C
