3226 5026
309 465 350 528 20
388 527 391 533 ,
651 464 680 516 L.
698 461 822 516 nrvnnl
833 460 1071 514 Manavnnnsrs

166 549 184 588 l.
194 549 254 592 reru.
269 547 285 589 i.
294 549 331 590 ab.
1325 545 1369 586 m,
1384 545 1489 588 oum·

305 617 465 680 boeotiam
479 623 558 699 peto,
574 617 654 697 quod
668 617 741 680 mibi
755 623 822 678 ante
834 617 897 698 ipsa
909 615 1030 678 crimina
1041 619 1187 695 superest,
1202 613 1303 677 audias
1318 614 1418 676 utad-

306 719 366 781 hnc
378 719 472 781 fecisti
486 719 611 781 libenter
625 724 655 780 ct
669 719 829 798 diligenter.

393 821 532 902 Sequitur
546 821 626 882 enim
640 821 677 882 de
691 821 810 902 speculo
826 821 913 901 longa
927 819 974 882 illa
988 826 1018 881 ct
1031 820 1168 882 censoria
1183 820 1287 894 oratio,
1308 819 1346 880 de
1359 836 1417 901 quo

308 917 363 1004 pro
378 923 421 985 rei
436 924 587 985 atrocitate
601 941 693 1004 paene
708 923 844 1002 diruptus
859 930 904 983 est
918 922 1037 985 Pudens
1052 923 1218 985 clamitans:
1231 914 1335 984 ‘habet
1349 941 1417 1002 spe—
1432 945 1490 998 (irc)

234 1048 292 1090 ει..
308 1027 407 1090 culum
422 1023 643 1109 phillosopbus,
664 1026 795 1107 possidet
811 1026 963 1105 speculum
978 1015 1193 1105 philosophus’.
1215 1031 1248 1087 ut
1261 1025 1350 1104 igitur
1363 1027 1417 1086 ha·-
1435 1035 1450 1084 5

305 1127 375 1190 bere
390 1130 549 1192 concedam
563 1153 607 1174 ·-—
620 1147 658 1192 ne
672 1128 779 1208 aliquid
796 1128 937 1190 obiecisse
952 1135 982 1190 te
997 1129 1108 1203 credas,
1125 1129 1151 1189 si
1164 1139 1272 1208 negare
1283 1163 1342 1203 -,
1357 1145 1418 1190 non

305 1239 405 1294 tamen
425 1251 461 1294 cx
480 1250 516 1294 eo
537 1251 585 1293 me
606 1233 696 1313 accipi
716 1249 836 1292 necesse
857 1239 902 1292 est
922 1233 1056 1293 exornari
1077 1249 1194 1311 quoque
1214 1231 1250 1292 ad
1265 1232 1417 1311 speculum

307 1336 411 1396 solere.
441 1335 510 1415 qnid
526 1332 628 1398 enim?
649 1335 674 1396 si
689 1334 859 1414 choragium
869 1333 1060 1414 thymelicum
1075 1333 1269 1414 possiderem,
1289 1351 1362 1395 num
1382 1353 1418 1396 cx

307 1457 342 1502 ec
358 1445 602 1518 argumentarere,
618 1438 706 1499 etiam
720 1437 763 1498 uti
778 1456 826 1498 me
838 1455 997 1498 consuesse
1008 1436 1139 1515 tragoedi
1151 1443 1286 1516 syrmate,
1298 1435 1418 1497 histrio·

306 1540 353 1602 nis
368 1546 496 1615 crocata,
514 1541 625 1620 [orgia],
641 1541 725 1603 mimi
740 1536 940 1602 centunculo?
960 1557 1021 1600 non
1043 1539 1157 1619 opinor.
1178 1557 1248 1599 nam
1268 1545 1296 1599 et
1316 1545 1385 1599 cont

306 1643 442 1724 plurimis
464 1644 553 1705 rebus
583 1661 725 1724 possessu
750 1661 850 1717 careo,
882 1661 939 1704 usu
964 1643 1056 1703 fruor.
1094 1642 1173 1721 quod
1198 1642 1223 1703 si
1245 1657 1345 1721 'neque
1364 1643 1417 1702 ha-

306 1746 376 1807 bere
395 1747 497 1808 utendi
525 1753 732 1826 argumentum
758 1755 804 1807 θεῖ
828 1763 923 1824 neque
949 1763 1012 1806 non
1036 1743 1138 1805 utendi
1165 1761 1228 1806 non
1247 1744 1370 1818 habere,
1392 1751 1420 1806 et

308 1848 418 1928 speculi
432 1867 494 1910 non
508 1855 569 1910 tam
584 1849 734 1929 possessio
750 1849 885 1929 culpatur
899 1865 987 1928 quam
1002 1847 1158 1928 inspectio:
1174 1847 1245 1908 illud
1260 1847 1347 1908 etiam
1362 1847 1418 1907 do·
1433 1866 1491 1920 (aa)

309 1967 373 2012 acas
394 1968 514 2012 necesse
535 1957 595 2024 θεῖ,
618 1950 734 2030 quando
756 1958 784 2011 et
800 1951 906 2030 quibus
926 1952 1129 2030 praesentibus
1150 1951 1181 2012 in
1198 1951 1351 2031 speculum
1370 1951 1418 2012 in-

309 2053 463 2134 spexerim,
480 2053 628 2133 quoniam,
644 2059 677 2114 ut
691 2071 738 2114 res
754 2059 808 2128 θεῖ,
825 2053 919 2115 maius
931 2055 1077 2134 piaculum
1094 2049 1106 2138 ΙΙ
1122 2053 1254 2116 decernis
1266 2054 1418 2134 speculum
1437 2064 1468 2115 15

306 2156 485 2236 philosopho
502 2175 590 2236 mam
602 2156 715 2218 Cereris
730 2156 876 2218 mundum
891 2158 1016 2237 prolana
1032 2157 1141 2218 uidere.

221 2270 292 2326 xllll
395 2258 473 2320 Cedo
488 2276 577 2334 nunc,
597 2260 623 2320 si
642 2266 672 2320 et
690 2259 852 2341 inspexisse
871 2279 919 2322 me
939 2261 1046 2334 fateor,
1068 2260 1147 2340 quod
1166 2259 1284 2321 landem
1307 2258 1419 2320 crimen

307 2369 354 2424 θεῖ
369 2362 527 2442 imaginem
548 2379 632 2423 suam
652 2380 757 2436 nosse,
785 2367 908 2441 eamque
928 2381 990 2424 non
1010 2381 1070 2423 uno
1092 2363 1157 2423 loco
1179 2359 1343 2436 conditam,
1363 2362 1415 2422 sed

308 2483 427 2545 quoquc
444 2465 517 2526 uelis
532 2483 625 2545 paruo
642 2466 761 2544 speculo
777 2473 947 2545 promptam
962 2461 1098 2544 gestare?
1114 2484 1151 2527 an
1166 2471 1199 2527 tu
1214 2465 1331 2544 ignoras
1346 2463 1419 2528 nihil

307 2585 372 2628 esse
385 2567 589 2646 aspectabilius
600 2566 714 2629 homini
727 2573 796 2628 nato
813 2586 901 2647 quam
921 2568 1049 2629 iormam
1070 2563 1177 2629 suam?
1200 2567 1335 2646 equidem
1357 2567 1416 2628 scio
1435 2575 1468 2627 20

306 2676 337 2730 et
350 2669 480 2731 filiorum
494 2669 622 2732 cariores
637 2688 711 2743 esse,
733 2669 782 2748 qui
803 2668 913 2730 similes
928 2668 1075 2744 cudentur,
1096 2677 1126 2730 et
1144 2669 1303 2749 publicitus
1324 2669 1418 2734 simu·

307 2771 420 2832 lacrum
435 2789 523 2833 suum
538 2771 653 2852 amque,
675 2770 754 2850 quod
769 2771 876 2844 uideat,
896 2789 952 2850 pro
968 2770 1081 2831 meritis
1096 2771 1228 2850 praemio
1245 2772 1342 2834 tribui.
1370 2778 1419 2834 aut

308 2872 378 2952 quid
393 2873 448 2935 sibi
463 2879 575 2936 statuae
590 2882 619 2935 et
637 2873 778 2952 imagines
799 2873 888 2936 uariis
910 2872 1022 2933 artibus
1047 2873 1188 2953 effigiatae
1209 2872 1338 2936 uolunt?
1361 2875 1417 2936 nisi
1602 2857 1603 2947 Ι

307 2974 384 3036 forte
398 2975 477 3055 quod
492 2975 613 3036 artificio
630 2975 812 3037 elaboratum
825 2975 967 3038 laudabile
982 2976 1114 3050 habetur,
1135 2978 1193 3039 boc
1207 2984 1312 3038 natura
1333 2977 1415 3038 obla·
1428 3003 1488 3053 (ue)

306 3083 372 3138 turn
386 3076 528 3157 culpabile
542 3075 731 3139 iudicandum
745 3082 800 3150 est,
815 3095 884 3138 cum
900 3077 938 3138 sit
956 3077 988 3139 in
1008 3098 1041 3139 ea
1055 3079 1102 3140 uel
1123 3077 1215 3158 magis
1234 3079 1367 3141 miranda
1385 3087 1414 3141 θῖ
1432 3090 1464 3141 25

300 3179 428 3241 facilitas
443 3186 473 3240 et
488 3177 657 3242 similitudo.
688 3179 796 3260 qnippe
814 3179 845 3241 in
866 3180 1004 3244 omnibus
1019 3200 1109 3242 manu
1123 3182 1267 3244 faciundis
1281 3182 1416 3262 imagini-

376 3315 391 3366 3
403 3314 424 3365 p
436 3318 463 3366 ia
474 3318 609 3382 margine:
627 3316 664 3366 lle
676 3317 780 3382 speculo
797 3314 808 3384 ΙΙ
826 3319 840 3368 7
853 3317 932 3384 accipi
943 3335 984 3370 nra
996 3335 1012 3370 v
1031 3317 1041 3388 ΙΙ
1058 3319 1073 3370 8
1086 3320 1238 3371 thimelicmn
1250 3320 1281 3386 F,
1300 3319 1415 3372 menali-

308 3396 592 3464 comprimebam
614 3414 631 3449 v
662 3397 673 3467 Ι
705 3399 894 3466 antepones·
913 3405 973 3452 ante
989 3401 1074 3453 etiarn:
1101 3402 1177 3468 vago
1197 3401 1274 3452 etiam
1294 3417 1353 3452 com
1373 3416 1416 3450 ar-

306 3484 482 3539 gumentarere
495 3481 655 3546 cerdungaml
681 3479 685 3546 Ι
711 3494 792 3547 supra
805 3481 1123 3534 consuessemFraeoro
1149 3480 1153 3548 Ι
1180 3481 1348 3544 tragidiiFV,
1361 3489 1415 3532 tra·

193 3575 198 3581 ·
308 3555 399 3626 maio
421 3554 427 3624 Ι
451 3559 553 3612 sirmate
562 3560 625 3630 Frpv
646 3557 656 3627 ΙΙ
678 3561 709 3613 10
721 3562 793 3624 orgia
804 3563 1125 3631 eoepaagmdamoodotur
1138 3570 1273 3615 crocotane
1283 3562 1315 3612 ad
1324 3562 1414 3614 tracto

306 3692 495 3758 ricaorgiaaat
504 3695 594 3752 mimis
609 3693 615 3764 Ι
630 3653 755 3748 cendalo
743 3696 878 3750 iaFcorr.
889 3713 993 3750 amana
1003 3713 1045 3768 pr.
1059 3701 1305 3765 scampinam
1310 3714 1327 3749 a
1337 3711 1417 3750 mma

308 3843 358 3880 aee.
371 3830 531 3894 oentungulo,
549 3788 702 3902 centulducp,
719 3831 916 3885 centunculoV·
931 3833 1073 3898 Thargeliis
1087 3842 1199 3901 syrmate
1215 3833 1345 3885 histrionis
1358 3847 1415 3882 cro-

307 3909 412 3961 talone?
430 3912 462 3961 ad
474 3910 616 3962 Trieterica
629 3914 699 3977 orgia
710 3913 778 3964 binni
788 3915 954 3966 centunculo?
971 3912 1152 3982 Rutgarsiucl
1172 3916 1203 3967 13
1214 3919 1276 3983 post
1287 3913 1414 3980 possessio

308 3989 477 4046 deliramus
502 3990 506 4054 Ι
533 3993 626 4044 docear
642 3995 689 4064 ch
716 3991 727 4062 Ι
751 3993 1008 4048 metueremus
1034 3997 1038 4064 Ι
1065 3996 1179 4059 magisV
1203 3994 1213 4064 Ι
1239 3997 1271 4047 16
1287 4011 1388 4062 quuip
1413 3992 1417 4060 Ι

306 4071 527 4124 mmaumaai‘n
558 4073 562 4141 Ι
588 4075 716 4140 prophano
733 4091 750 4123 v
777 4073 788 4143 Ι
817 4077 847 4126 17
864 4075 1003 4129 latacen
1028 4076 1039 4146 ΙΙ
1063 4078 1095 4128 18
1107 4078 1248 4146 ymaginem
1266 4076 1311 4146 Εφ
1344 4074 1354 4143 Ι
1384 4075 1416 4126 19

307 4150 382 4201 nichil
395 4151 440 4221 Ὲφ
464 4151 474 4220 ΙΙ
507 4154 535 4204 21
552 4156 678 4221 fortasse
697 4155 832 4206 uideantur
855 4155 865 4224 Ι
894 4159 926 4210 22
942 4160 1086 4225 praemiac
1114 4158 1124 4226 Ι
1148 4161 1180 4210 23
1197 4159 1328 4228 ymagines
1342 4157 1386 4224 Fcp
1412 4154 1417 4224 Ι

306 4229 409 4294 effigiat.
431 4231 450 4282 p
477 4233 481 4301 Ι
508 4235 530 4285 εἰ
547 4233 614 4287 forte
632 4235 756 4288 Ρῆθαθθε
779 4235 789 4300 ΙΙ
813 4238 846 4288 24
861 4237 885 4288 lr’
902 4247 993 4291 natura
1010 4257 1045 4309 φι
1066 4239 1113 4291 hoc
1131 4247 1250 4292 enatura
1263 4239 1389 4292 Ρνίθαθθε
1409 4235 1418 4304 ΙΙ

306 4311 339 4363 25
351 4311 382 4363 ab
395 4327 426 4364 ea
438 4313 563 4367 Pricaeus
583 4315 594 4384 Ι
618 4316 651 4369 26
663 4318 821 4384 ymaginibus
834 4319 879 4390 2φ
891 4319 902 4390 Ι
