<?xml version="1.0" encoding="UTF-8"?>
<!DOCTYPE html PUBLIC "-//W3C//DTD XHTML 1.0 Transitional//EN"
    "http://www.w3.org/TR/xhtml1/DTD/xhtml1-transitional.dtd">
<html xmlns="http://www.w3.org/1999/xhtml" xml:lang="en" lang="en">
 <head>
  <title>
</title>
<meta http-equiv="Content-Type" content="text/html;charset=utf-8" />
  <meta name='ocr-system' content='tesseract 3.04.00' />
  <meta name='ocr-capabilities' content='ocr_page ocr_carea ocr_par ocr_line ocrx_word'/>
</head>
<body>
  <div class='ocr_page' id='page_1' title='image "./lapuleimadauren01krgoog_0025.png"; bbox 0 0 3226 5026; ppageno 0'>
   <div class='ocr_carea' id='block_1_1' title="bbox 288 437 936 500">
    <p class='ocr_par' dir='ltr' id='par_1_1' title="bbox 288 437 936 500">
     <span class='ocr_line' id='line_1_1' title="bbox 288 437 936 500; baseline 0.009 -14"><span class='ocrx_word' id='word_1_1' title='bbox 288 459 323 500; x_wconf 78' lang='lat' dir='ltr'>xx</span> <span class='ocrx_word' id='word_1_2' title='bbox 747 437 936 492; x_wconf 68' lang='lat' dir='ltr'>rainelmo</span> 
     </span>
    </p>
   </div>
   <div class='ocr_carea' id='block_1_2' title="bbox 287 591 1395 894">
    <p class='ocr_par' dir='ltr' id='par_1_2' title="bbox 287 591 1395 894">
     <span class='ocr_line' id='line_1_2' title="bbox 287 591 1395 677; baseline 0.003 -22"><span class='ocrx_word' id='word_1_3' title='bbox 287 594 389 676; x_wconf 75' lang='lat' dir='ltr'>mapeu&#39;</span> <span class='ocrx_word' id='word_1_4' title='bbox 411 594 493 656; x_wconf 79' lang='lat' dir='ltr'>illius</span> <span class='ocrx_word' id='word_1_5' title='bbox 511 594 656 658; x_wconf 76' lang='lat' dir='ltr'>Censoris</span> <span class='ocrx_word' id='word_1_6' title='bbox 663 593 767 675; x_wconf 79' lang='lat' dir='ltr'>Jbe&#39;sse</span> <span class='ocrx_word' id='word_1_7' title='bbox 788 596 982 677; x_wconf 62' lang='lat' dir='ltr'>eupolitemu</span> <span class='ocrx_word' id='word_1_8' title='bbox 1006 591 1080 660; x_wconf 85' lang='lat' dir='ltr'>vide</span> <span class='ocrx_word' id='word_1_9' title='bbox 1098 596 1244 676; x_wconf 79' lang='lat' dir='ltr'>Beraoya</span> <span class='ocrx_word' id='word_1_10' title='bbox 1269 597 1289 658; x_wconf 90' lang='lat' dir='ltr'>I.</span> <span class='ocrx_word' id='word_1_11' title='bbox 1314 596 1344 673; x_wconf 79' lang='lat' dir='ltr'>d.</span> <span class='ocrx_word' id='word_1_12' title='bbox 1361 617 1395 676; x_wconf 80' lang='lat' dir='ltr'>p.</span> 
     </span>
     <span class='ocr_line' id='line_1_3' title="bbox 287 695 517 785; baseline 0 -21"><span class='ocrx_word' id='word_1_13' title='bbox 287 695 517 785; x_wconf 69' lang='lat'><strong><em>292-294.1)</em></strong></span> 
     </span>
     <span class='ocr_line' id='line_1_4' title="bbox 377 802 1394 894; baseline -0.003 -24"><span class='ocrx_word' id='word_1_14' title='bbox 377 803 469 884; x_wconf 79' lang='lat' dir='ltr'>Quae</span> <span class='ocrx_word' id='word_1_15' title='bbox 499 827 572 870; x_wconf 91' lang='lat' dir='ltr'>cum</span> <span class='ocrx_word' id='word_1_16' title='bbox 595 804 641 871; x_wconf 90' lang='lat' dir='ltr'>ita</span> <span class='ocrx_word' id='word_1_17' title='bbox 662 806 741 889; x_wconf 89' lang='lat' dir='ltr'>sint,</span> <span class='ocrx_word' id='word_1_18' title='bbox 771 829 813 872; x_wconf 86' lang='lat' dir='ltr'>cx</span> <span class='ocrx_word' id='word_1_19' title='bbox 837 806 1015 894; x_wconf 85' lang='lat' dir='ltr'>exemplari</span> <span class='ocrx_word' id='word_1_20' title='bbox 1038 803 1186 870; x_wconf 83' lang='lat' dir='ltr'>editionis</span> <span class='ocrx_word' id='word_1_21' title='bbox 1208 802 1295 868; x_wconf 85' lang='lat' dir='ltr'>illius</span> <span class='ocrx_word' id='word_1_22' title='bbox 1316 802 1394 868; x_wconf 91' lang='lat' dir='ltr'>Vul-</span> 
     </span>
    </p>
   </div>
   <div class='ocr_carea' id='block_1_3' title="bbox 1593 577 1607 706">
    <p class='ocr_par' dir='ltr' id='par_1_3' title="bbox 1593 577 1607 706">
     <span class='ocr_line' id='line_1_5' title="bbox 1593 577 1607 706; baseline 0 0"><span class='ocrx_word' id='word_1_23' title='bbox 1593 577 1607 706; x_wconf 83' lang='lat' dir='ltr'>l</span> 
     </span>
    </p>
   </div>
   <div class='ocr_carea' id='block_1_4' title="bbox 289 907 1607 1006">
    <p class='ocr_par' dir='ltr' id='par_1_4' title="bbox 289 907 1607 1006">
     <span class='ocr_line' id='line_1_6' title="bbox 289 907 1607 1006; baseline -0.002 -30"><span class='ocrx_word' id='word_1_24' title='bbox 289 910 443 978; x_wconf 88' lang='lat' dir='ltr'>canianae</span> <span class='ocrx_word' id='word_1_25' title='bbox 460 911 630 994; x_wconf 79' lang='lat' dir='ltr'>secundae,</span> <span class='ocrx_word' id='word_1_26' title='bbox 650 913 735 1000; x_wconf 91' lang='lat' dir='ltr'>quod</span> <span class='ocrx_word' id='word_1_27' title='bbox 750 913 925 979; x_wconf 79' lang='lat' dir='ltr'>liberaliter</span> <span class='ocrx_word' id='word_1_28' title='bbox 940 913 982 979; x_wconf 89' lang='lat' dir='ltr'>ad</span> <span class='ocrx_word' id='word_1_29' title='bbox 997 935 1049 978; x_wconf 90' lang='lat' dir='ltr'>mc</span> <span class='ocrx_word' id='word_1_30' title='bbox 1065 909 1242 976; x_wconf 79' lang='lat' dir='ltr'>transmisit</span> <span class='ocrx_word' id='word_1_31' title='bbox 1252 911 1393 997; x_wconf 85' lang='lat' dir='ltr'>praefeo-</span> <span class='ocrx_word' id='word_1_32' title='bbox 1510 907 1515 914; x_wconf 76' lang='grc'><strong>’</strong></span> <span class='ocrx_word' id='word_1_33' title='bbox 1606 983 1607 1006; x_wconf 22' lang='lat'>¹</span> 
     </span>
    </p>
   </div>
   <div class='ocr_carea' id='block_1_5' title="bbox 286 1017 1404 1105">
    <p class='ocr_par' dir='ltr' id='par_1_5' title="bbox 286 1017 1404 1105">
     <span class='ocr_line' id='line_1_7' title="bbox 286 1017 1404 1105; baseline 0 -23"><span class='ocrx_word' id='word_1_34' title='bbox 286 1027 337 1082; x_wconf 89' lang='lat' dir='ltr'>tus</span> <span class='ocrx_word' id='word_1_35' title='bbox 361 1017 577 1084; x_wconf 88' lang='lat' dir='ltr'>bibliothecae</span> <span class='ocrx_word' id='word_1_36' title='bbox 601 1019 805 1086; x_wconf 79' lang='lat' dir='ltr'>academicae</span> <span class='ocrx_word' id='word_1_37' title='bbox 827 1017 1106 1099; x_wconf 87' lang='lat' dir='ltr'>Vratislaviensis,</span> <span class='ocrx_word' id='word_1_38' title='bbox 1138 1017 1285 1105; x_wconf 86' lang='lat' dir='ltr'>excerpsi</span> <span class='ocrx_word' id='word_1_39' title='bbox 1309 1025 1341 1080; x_wconf 89' lang='lat' dir='ltr'>et</span> <span class='ocrx_word' id='word_1_40' title='bbox 1363 1017 1404 1082; x_wconf 46' lang='lat' dir='ltr'>in*</span> 
     </span>
    </p>
   </div>
   <div class='ocr_carea' id='block_1_6' title="bbox 287 1121 1394 1213">
    <p class='ocr_par' dir='ltr' id='par_1_6' title="bbox 287 1121 1394 1213">
     <span class='ocr_line' id='line_1_8' title="bbox 287 1121 1394 1213; baseline 0 -22"><span class='ocrx_word' id='word_1_41' title='bbox 287 1133 463 1213; x_wconf 88' lang='lat' dir='ltr'>conspectu</span> <span class='ocrx_word' id='word_1_42' title='bbox 484 1124 559 1190; x_wconf 90' lang='lat' dir='ltr'>huic</span> <span class='ocrx_word' id='word_1_43' title='bbox 583 1125 716 1192; x_wconf 88' lang='lat' dir='ltr'>editioni</span> <span class='ocrx_word' id='word_1_44' title='bbox 739 1127 836 1193; x_wconf 86' lang='lat' dir='ltr'>affixo</span> <span class='ocrx_word' id='word_1_45' title='bbox 859 1126 990 1192; x_wconf 85' lang='lat' dir='ltr'>exhibui</span> <span class='ocrx_word' id='word_1_46' title='bbox 1012 1147 1123 1192; x_wconf 88' lang='lat' dir='ltr'>omnes</span> <span class='ocrx_word' id='word_1_47' title='bbox 1146 1145 1228 1211; x_wconf 89' lang='lat' dir='ltr'>quae</span> <span class='ocrx_word' id='word_1_48' title='bbox 1249 1121 1291 1190; x_wconf 87' lang='lat' dir='ltr'>ad</span> <span class='ocrx_word' id='word_1_49' title='bbox 1305 1125 1394 1213; x_wconf 90' lang='lat' dir='ltr'>Apu-</span> 
     </span>
    </p>
   </div>
   <div class='ocr_carea' id='block_1_7' title="bbox 285 1229 1439 1320">
    <p class='ocr_par' dir='ltr' id='par_1_7' title="bbox 285 1229 1439 1320">
     <span class='ocr_line' id='line_1_9' title="bbox 285 1229 1439 1320; baseline -0.001 -25"><span class='ocrx_word' id='word_1_50' title='bbox 285 1231 328 1295; x_wconf 90' lang='lat' dir='ltr'>lei</span> <span class='ocrx_word' id='word_1_51' title='bbox 349 1230 532 1319; x_wconf 83' lang='lat' dir='ltr'>apologiam</span> <span class='ocrx_word' id='word_1_52' title='bbox 548 1233 710 1320; x_wconf 88' lang='lat' dir='ltr'>pertinent</span> <span class='ocrx_word' id='word_1_53' title='bbox 726 1232 885 1320; x_wconf 84' lang='lat' dir='ltr'>Scaligeri</span> <span class='ocrx_word' id='word_1_54' title='bbox 901 1231 1151 1311; x_wconf 83' lang='lat' dir='ltr'>emendationes,</span> <span class='ocrx_word' id='word_1_55' title='bbox 1174 1229 1289 1318; x_wconf 90' lang='lat' dir='ltr'>quibus</span> <span class='ocrx_word' id='word_1_56' title='bbox 1308 1254 1396 1297; x_wconf 83' lang='lat' dir='ltr'>com·</span> <span class='ocrx_word' id='word_1_57' title='bbox 1435 1229 1439 1239; x_wconf 77' lang='grc'><strong>“</strong></span> 
     </span>
    </p>
   </div>
   <div class='ocr_carea' id='block_1_8' title="bbox 197 1333 1395 4083">
    <p class='ocr_par' dir='ltr' id='par_1_8' title="bbox 275 1333 1395 1946">
     <span class='ocr_line' id='line_1_10' title="bbox 281 1333 1392 1428; baseline 0 -26"><span class='ocrx_word' id='word_1_58' title='bbox 281 1333 443 1426; x_wconf 72' lang='lat' dir='ltr'>&#39;probatur</span> <span class='ocrx_word' id='word_1_59' title='bbox 475 1337 538 1402; x_wconf 90' lang='lat' dir='ltr'>hoc</span> <span class='ocrx_word' id='word_1_60' title='bbox 567 1338 789 1406; x_wconf 88' lang='lat' dir='ltr'>Ruhnkeni</span> <span class='ocrx_word' id='word_1_61' title='bbox 823 1338 977 1405; x_wconf 88' lang='lat' dir='ltr'>iudicium</span> <span class='ocrx_word' id='word_1_62' title='bbox 1008 1338 1121 1428; x_wconf 82' lang='lat' dir='ltr'>(prees.</span> <span class='ocrx_word' id='word_1_63' title='bbox 1150 1340 1193 1401; x_wconf 83' lang='lat' dir='ltr'>od</span> <span class='ocrx_word' id='word_1_64' title='bbox 1217 1339 1285 1402; x_wconf 85' lang='lat' dir='ltr'>edit.</span> <span class='ocrx_word' id='word_1_65' title='bbox 1317 1341 1392 1402; x_wconf 78' lang='lat' dir='ltr'>(Iud.</span> 
     </span>
     <span class='ocr_line' id='line_1_11' title="bbox 282 1444 1394 1530; baseline -0.001 -19"><span class='ocrx_word' id='word_1_66' title='bbox 282 1467 314 1528; x_wconf 77' lang='lat' dir='ltr'>p.</span> <span class='ocrx_word' id='word_1_67' title='bbox 344 1444 434 1530; x_wconf 91' lang='lat' dir='ltr'><em>VII):</em></span> <span class='ocrx_word' id='word_1_68' title='bbox 457 1475 516 1502; x_wconf 75' lang='lat' dir='ltr'>c·—</span> <span class='ocrx_word' id='word_1_69' title='bbox 541 1448 573 1509; x_wconf 84' lang='lat' dir='ltr'>iu</span> <span class='ocrx_word' id='word_1_70' title='bbox 596 1449 654 1511; x_wconf 79' lang='lat' dir='ltr'>bae</span> <span class='ocrx_word' id='word_1_71' title='bbox 676 1468 768 1530; x_wconf 82' lang='lat' dir='ltr'>opere</span> <span class='ocrx_word' id='word_1_72' title='bbox 790 1450 910 1512; x_wconf 79' lang='lat' dir='ltr'>uicaria</span> <span class='ocrx_word' id='word_1_73' title='bbox 932 1453 1071 1512; x_wconf 74' lang='lat' dir='ltr'>euectus</span> <span class='ocrx_word' id='word_1_74' title='bbox 1098 1445 1250 1528; x_wconf 74' lang='lat' dir='ltr'>eliquanto</span> <span class='ocrx_word' id='word_1_75' title='bbox 1273 1448 1394 1528; x_wconf 65' lang='lat' dir='ltr'>religio-</span> 
     </span>
     <span class='ocr_line' id='line_1_12' title="bbox 285 1553 1395 1636; baseline 0 -20"><span class='ocrx_word' id='word_1_76' title='bbox 285 1555 365 1633; x_wconf 81' lang='lat' dir='ltr'>sius,</span> <span class='ocrx_word' id='word_1_77' title='bbox 394 1573 484 1634; x_wconf 82' lang='lat' dir='ltr'>quem</span> <span class='ocrx_word' id='word_1_78' title='bbox 512 1574 639 1636; x_wconf 72' lang='lat' dir='ltr'>mopsus</span> <span class='ocrx_word' id='word_1_79' title='bbox 667 1555 822 1636; x_wconf 72' lang='lat' dir='ltr'>Scels&#39;per:</span> <span class='ocrx_word' id='word_1_80' title='bbox 856 1557 923 1636; x_wconf 78' lang='lat' dir='ltr'>qul,</span> <span class='ocrx_word' id='word_1_81' title='bbox 953 1575 1020 1618; x_wconf 87' lang='lat' dir='ltr'>cum</span> <span class='ocrx_word' id='word_1_82' title='bbox 1042 1553 1224 1635; x_wconf 80' lang='lat' dir='ltr'>posterioris</span> <span class='ocrx_word' id='word_1_83' title='bbox 1257 1553 1395 1616; x_wconf 79' lang='lat' dir='ltr'>editionis</span> 
     </span>
     <span class='ocr_line' id='line_1_13' title="bbox 289 1647 1394 1752; baseline 0 -30"><span class='ocrx_word' id='word_1_84' title='bbox 289 1647 501 1752; x_wconf 65' lang='lat' dir='ltr'>Vuleoue&#39;uuae&#39;</span> <span class='ocrx_word' id='word_1_85' title='bbox 524 1661 607 1740; x_wconf 83' lang='lat' dir='ltr'>apud</span> <span class='ocrx_word' id='word_1_86' title='bbox 625 1658 810 1742; x_wconf 73' lang='lat' dir='ltr'>Repbeleup.</span> <span class='ocrx_word' id='word_1_87' title='bbox 839 1682 866 1726; x_wconf 86' lang='lat' dir='ltr'>a.</span> <span class='ocrx_word' id='word_1_88' title='bbox 890 1662 987 1726; x_wconf 78' lang='lat'><strong><em>1600.</em></strong></span> <span class='ocrx_word' id='word_1_89' title='bbox 1010 1681 1117 1724; x_wconf 86' lang='lat' dir='ltr'>curam</span> <span class='ocrx_word' id='word_1_90' title='bbox 1138 1661 1330 1741; x_wconf 78' lang='lat' dir='ltr'>suscepisset,</span> <span class='ocrx_word' id='word_1_91' title='bbox 1361 1661 1394 1722; x_wconf 82' lang='lat' dir='ltr'>e&#39;u</span> 
     </span>
     <span class='ocr_line' id='line_1_14' title="bbox 286 1765 1395 1850; baseline 0 -24"><span class='ocrx_word' id='word_1_92' title='bbox 286 1766 383 1827; x_wconf 80' lang='lat' dir='ltr'>olicae</span> <span class='ocrx_word' id='word_1_93' title='bbox 405 1785 494 1848; x_wconf 84' lang='lat' dir='ltr'>opere</span> <span class='ocrx_word' id='word_1_94' title='bbox 513 1766 583 1846; x_wconf 81' lang='lat' dir='ltr'>pbss</span> <span class='ocrx_word' id='word_1_95' title='bbox 605 1767 665 1830; x_wconf 80' lang='lat' dir='ltr'>sthi</span> <span class='ocrx_word' id='word_1_96' title='bbox 687 1768 808 1848; x_wconf 70' lang='lat' dir='ltr'>matut,</span> <span class='ocrx_word' id='word_1_97' title='bbox 832 1788 920 1850; x_wconf 84' lang='lat' dir='ltr'>quom</span> <span class='ocrx_word' id='word_1_98' title='bbox 947 1768 1075 1832; x_wconf 77' lang='lat' dir='ltr'>Orite&#39;ees</span> <span class='ocrx_word' id='word_1_99' title='bbox 1098 1767 1178 1830; x_wconf 70' lang='lat' dir='ltr'>rotae</span> <span class='ocrx_word' id='word_1_100' title='bbox 1200 1771 1230 1829; x_wconf 89' lang='lat' dir='ltr'>et</span> <span class='ocrx_word' id='word_1_101' title='bbox 1249 1765 1395 1829; x_wconf 78' lang='lat' dir='ltr'>modestia</span> 
     </span>
     <span class='ocr_line' id='line_1_15' title="bbox 275 1868 441 1946; baseline 0.012 -16"><span class='ocrx_word' id='word_1_102' title='bbox 275 1868 441 1946; x_wconf 63' lang='lat' dir='ltr'>ferebaum</span> 
     </span>
    </p>

    <p class='ocr_par' dir='ltr' id='par_1_9' title="bbox 197 1973 1393 2808">
     <span class='ocr_line' id='line_1_16' title="bbox 373 1973 1392 2065; baseline 0.002 -26"><span class='ocrx_word' id='word_1_103' title='bbox 373 1973 413 2039; x_wconf 95' lang='lat' dir='ltr'>In</span> <span class='ocrx_word' id='word_1_104' title='bbox 443 1973 649 2042; x_wconf 81' lang='lat' dir='ltr'>adnotatione</span> <span class='ocrx_word' id='word_1_105' title='bbox 679 1975 843 2065; x_wconf 86' lang='lat' dir='ltr'>superiore</span> <span class='ocrx_word' id='word_1_106' title='bbox 872 1978 958 2044; x_wconf 88' lang='lat' dir='ltr'>haud</span> <span class='ocrx_word' id='word_1_107' title='bbox 987 1977 1099 2043; x_wconf 88' lang='lat' dir='ltr'>inutile</span> <span class='ocrx_word' id='word_1_108' title='bbox 1127 1976 1231 2041; x_wconf 64' lang='lat' dir='ltr'>nsum</span> <span class='ocrx_word' id='word_1_109' title='bbox 1256 1983 1392 2042; x_wconf 89' lang='lat' dir='ltr'>estnon</span> 
     </span>
     <span class='ocr_line' id='line_1_17' title="bbox 287 2081 1393 2172; baseline 0.004 -29"><span class='ocrx_word' id='word_1_110' title='bbox 287 2099 453 2166; x_wconf 86' lang='lat' dir='ltr'>nunquam</span> <span class='ocrx_word' id='word_1_111' title='bbox 489 2081 615 2148; x_wconf 87' lang='lat' dir='ltr'>adicere</span> <span class='ocrx_word' id='word_1_112' title='bbox 651 2084 787 2150; x_wconf 89' lang='lat' dir='ltr'>aliorum</span> <span class='ocrx_word' id='word_1_113' title='bbox 825 2083 1017 2172; x_wconf 90' lang='lat' dir='ltr'>scriptorum</span> <span class='ocrx_word' id='word_1_114' title='bbox 1054 2084 1158 2166; x_wconf 92' lang='lat' dir='ltr'>locos,</span> <span class='ocrx_word' id='word_1_115' title='bbox 1197 2090 1289 2169; x_wconf 92' lang='lat' dir='ltr'>aptos</span> <span class='ocrx_word' id='word_1_116' title='bbox 1321 2083 1393 2147; x_wconf 89' lang='lat' dir='ltr'>illos</span> 
     </span>
     <span class='ocr_line' id='line_1_18' title="bbox 285 2185 1392 2275; baseline 0.003 -27"><span class='ocrx_word' id='word_1_117' title='bbox 285 2185 325 2260; x_wconf 82' lang='lat' dir='ltr'>ad</span> <span class='ocrx_word' id='word_1_118' title='bbox 355 2186 456 2251; x_wconf 86' lang='lat' dir='ltr'>verba</span> <span class='ocrx_word' id='word_1_119' title='bbox 484 2185 603 2275; x_wconf 88' lang='lat' dir='ltr'>Apulei</span> <span class='ocrx_word' id='word_1_120' title='bbox 632 2189 821 2256; x_wconf 89' lang='lat' dir='ltr'>illustranda</span> <span class='ocrx_word' id='word_1_121' title='bbox 849 2191 902 2255; x_wconf 90' lang='lat' dir='ltr'>vel</span> <span class='ocrx_word' id='word_1_122' title='bbox 932 2190 972 2255; x_wconf 88' lang='lat' dir='ltr'>ad</span> <span class='ocrx_word' id='word_1_123' title='bbox 1002 2189 1219 2271; x_wconf 85' lang='lat' dir='ltr'>coniecturas,</span> <span class='ocrx_word' id='word_1_124' title='bbox 1249 2211 1329 2275; x_wconf 86' lang='lat' dir='ltr'>quas</span> <span class='ocrx_word' id='word_1_125' title='bbox 1359 2187 1392 2252; x_wconf 90' lang='lat' dir='ltr'>in</span> 
     </span>
     <span class='ocr_line' id='line_1_19' title="bbox 284 2292 1391 2384; baseline 0.004 -30"><span class='ocrx_word' id='word_1_126' title='bbox 284 2299 374 2357; x_wconf 89' lang='lat' dir='ltr'>textu</span> <span class='ocrx_word' id='word_1_127' title='bbox 390 2292 492 2379; x_wconf 89' lang='lat' dir='ltr'>posui,</span> <span class='ocrx_word' id='word_1_128' title='bbox 515 2295 758 2361; x_wconf 88' lang='lat' dir='ltr'>confirmandas.</span> <span class='ocrx_word' id='word_1_129' title='bbox 800 2306 889 2363; x_wconf 88' lang='lat' dir='ltr'>extat</span> <span class='ocrx_word' id='word_1_130' title='bbox 904 2297 988 2363; x_wconf 87' lang='lat' dir='ltr'>inter</span> <span class='ocrx_word' id='word_1_131' title='bbox 1002 2297 1061 2362; x_wconf 89' lang='lat' dir='ltr'>hos</span> <span class='ocrx_word' id='word_1_132' title='bbox 1078 2295 1166 2384; x_wconf 74' lang='lat' dir='ltr'>(puy.</span> <span class='ocrx_word' id='word_1_133' title='bbox 1182 2293 1239 2381; x_wconf 83' lang='lat'>13)</span> <span class='ocrx_word' id='word_1_134' title='bbox 1255 2293 1391 2359; x_wconf 88' lang='lat' dir='ltr'>nitidum</span> 
     </span>
     <span class='ocr_line' id='line_1_20' title="bbox 282 2397 1391 2490; baseline 0.003 -29"><span class='ocrx_word' id='word_1_135' title='bbox 282 2397 362 2463; x_wconf 89' lang='lat' dir='ltr'>illud</span> <span class='ocrx_word' id='word_1_136' title='bbox 385 2399 496 2464; x_wconf 87' lang='lat' dir='ltr'>Valeri</span> <span class='ocrx_word' id='word_1_137' title='bbox 519 2399 651 2466; x_wconf 89' lang='lat' dir='ltr'>Aeditui</span> <span class='ocrx_word' id='word_1_138' title='bbox 677 2402 886 2490; x_wconf 82' lang='lat' dir='ltr'>epigramma,</span> <span class='ocrx_word' id='word_1_139' title='bbox 912 2403 963 2469; x_wconf 87' lang='lat' dir='ltr'>oui</span> <span class='ocrx_word' id='word_1_140' title='bbox 986 2401 1185 2469; x_wconf 90' lang='lat' dir='ltr'>emendando</span> <span class='ocrx_word' id='word_1_141' title='bbox 1208 2399 1391 2489; x_wconf 90' lang='lat' dir='ltr'>nuperrime</span> 
     </span>
     <span class='ocr_line' id='line_1_21' title="bbox 284 2505 1391 2596; baseline 0.003 -27"><span class='ocrx_word' id='word_1_142' title='bbox 284 2527 415 2592; x_wconf 90' lang='lat' dir='ltr'>operam</span> <span class='ocrx_word' id='word_1_143' title='bbox 440 2505 527 2573; x_wconf 89' lang='lat' dir='ltr'>dedit</span> <span class='ocrx_word' id='word_1_144' title='bbox 543 2507 792 2574; x_wconf 88' lang='lat' dir='ltr'>Hermannus</span> <span class='ocrx_word' id='word_1_145' title='bbox 808 2507 1011 2576; x_wconf 88' lang='lat' dir='ltr'>Vsenerus</span> <span class='ocrx_word' id='word_1_146' title='bbox 1029 2509 1117 2596; x_wconf 83' lang='lat' dir='ltr'>(mus.</span> <span class='ocrx_word' id='word_1_147' title='bbox 1132 2511 1229 2573; x_wconf 75' lang='lat' dir='ltr'>Rau.</span> <span class='ocrx_word' id='word_1_148' title='bbox 1246 2531 1275 2575; x_wconf 87' lang='lat' dir='ltr'>u.</span> <span class='ocrx_word' id='word_1_149' title='bbox 1298 2509 1391 2572; x_wconf 71' lang='lat'><em>1864.</em></span> 
     </span>
     <span class='ocr_line' id='line_1_22' title="bbox 284 2611 1391 2702; baseline 0.005 -30"><span class='ocrx_word' id='word_1_150' title='bbox 284 2612 421 2674; x_wconf 88' lang='lat' dir='ltr'><em>XVIIII</em></span> <span class='ocrx_word' id='word_1_151' title='bbox 435 2633 469 2696; x_wconf 83' lang='lat' dir='ltr'>p.</span> <span class='ocrx_word' id='word_1_152' title='bbox 486 2611 581 2700; x_wconf 81' lang='lat'><strong><em>150):</em></strong></span> <span class='ocrx_word' id='word_1_153' title='bbox 605 2639 682 2679; x_wconf 91' lang='lat' dir='ltr'>num</span> <span class='ocrx_word' id='word_1_154' title='bbox 705 2615 885 2702; x_wconf 89' lang='lat' dir='ltr'>periculum</span> <span class='ocrx_word' id='word_1_155' title='bbox 907 2614 1067 2680; x_wconf 89' lang='lat' dir='ltr'>medelam</span> <span class='ocrx_word' id='word_1_156' title='bbox 1091 2613 1133 2678; x_wconf 94' lang='lat' dir='ltr'>ad</span> <span class='ocrx_word' id='word_1_157' title='bbox 1155 2614 1253 2678; x_wconf 88' lang='lat' dir='ltr'>finem</span> <span class='ocrx_word' id='word_1_158' title='bbox 1273 2611 1391 2700; x_wconf 91' lang='lat' dir='ltr'>perdu-</span> 
     </span>
     <span class='ocr_line' id='line_1_23' title="bbox 197 2715 1342 2808; baseline 0.004 -30"><span class='ocrx_word' id='word_1_159' title='bbox 197 2799 198 2802; x_wconf 63' lang='lat'>,</span> <span class='ocrx_word' id='word_1_160' title='bbox 284 2715 377 2780; x_wconf 89' lang='lat' dir='ltr'>cendi</span> <span class='ocrx_word' id='word_1_161' title='bbox 400 2716 478 2781; x_wconf 89' lang='lat' dir='ltr'>mihi</span> <span class='ocrx_word' id='word_1_162' title='bbox 502 2719 584 2784; x_wconf 87' lang='lat' dir='ltr'>benc</span> <span class='ocrx_word' id='word_1_163' title='bbox 610 2720 752 2804; x_wconf 90' lang='lat' dir='ltr'>cesserit,</span> <span class='ocrx_word' id='word_1_164' title='bbox 776 2721 846 2808; x_wconf 90' lang='lat' dir='ltr'>ipso</span> <span class='ocrx_word' id='word_1_165' title='bbox 871 2722 910 2788; x_wconf 90' lang='lat' dir='ltr'>ab</span> <span class='ocrx_word' id='word_1_166' title='bbox 935 2720 1038 2786; x_wconf 90' lang='lat' dir='ltr'>amico</span> <span class='ocrx_word' id='word_1_167' title='bbox 1062 2718 1161 2784; x_wconf 87' lang='lat' dir='ltr'>velim</span> <span class='ocrx_word' id='word_1_168' title='bbox 1184 2716 1342 2804; x_wconf 82' lang='lat' dir='ltr'>audirc.²)</span> 
     </span>
    </p>

    <p class='ocr_par' dir='ltr' id='par_1_10' title="bbox 281 2820 1390 3424">
     <span class='ocr_line' id='line_1_24' title="bbox 371 2820 1390 2914; baseline 0.004 -29"><span class='ocrx_word' id='word_1_169' title='bbox 371 2820 424 2887; x_wconf 91' lang='lat' dir='ltr'>De</span> <span class='ocrx_word' id='word_1_170' title='bbox 449 2823 657 2909; x_wconf 88' lang='lat' dir='ltr'>coniecturis,</span> <span class='ocrx_word' id='word_1_171' title='bbox 687 2826 803 2913; x_wconf 87' lang='lat' dir='ltr'>quibus</span> <span class='ocrx_word' id='word_1_172' title='bbox 830 2827 863 2892; x_wconf 91' lang='lat' dir='ltr'>in</span> <span class='ocrx_word' id='word_1_173' title='bbox 886 2835 1042 2914; x_wconf 86' lang='lat' dir='ltr'>apparatu</span> <span class='ocrx_word' id='word_1_174' title='bbox 1067 2824 1177 2891; x_wconf 90' lang='lat' dir='ltr'>critico</span> <span class='ocrx_word' id='word_1_175' title='bbox 1201 2832 1390 2911; x_wconf 89' lang='lat' dir='ltr'>argumenta</span> 
     </span>
     <span class='ocr_line' id='line_1_25' title="bbox 283 2926 1388 3020; baseline 0.004 -29"><span class='ocrx_word' id='word_1_176' title='bbox 283 2926 400 2994; x_wconf 89' lang='lat' dir='ltr'>addere</span> <span class='ocrx_word' id='word_1_177' title='bbox 437 2931 525 2996; x_wconf 91' lang='lat' dir='ltr'>nolui</span> <span class='ocrx_word' id='word_1_178' title='bbox 558 2932 794 3020; x_wconf 86' lang='lat' dir='ltr'>perspicuitatis</span> <span class='ocrx_word' id='word_1_179' title='bbox 832 2931 936 3020; x_wconf 88' lang='lat' dir='ltr'>gratia</span> <span class='ocrx_word' id='word_1_180' title='bbox 969 2931 1003 2996; x_wconf 92' lang='lat' dir='ltr'>in</span> <span class='ocrx_word' id='word_1_181' title='bbox 1038 2929 1158 3019; x_wconf 87' lang='lat' dir='ltr'>Apulei</span> <span class='ocrx_word' id='word_1_182' title='bbox 1195 2939 1388 2996; x_wconf 88' lang='lat' dir='ltr'>commenta-</span> 
     </span>
     <span class='ocr_line' id='line_1_26' title="bbox 282 3033 1389 3125; baseline 0.003 -28"><span class='ocrx_word' id='word_1_183' title='bbox 282 3033 338 3098; x_wconf 92' lang='lat' dir='ltr'>riis</span> <span class='ocrx_word' id='word_1_184' title='bbox 374 3034 428 3101; x_wconf 91' lang='lat' dir='ltr'>diu</span> <span class='ocrx_word' id='word_1_185' title='bbox 459 3037 673 3122; x_wconf 82' lang='lat' dir='ltr'>desideratae,</span> <span class='ocrx_word' id='word_1_186' title='bbox 708 3062 748 3104; x_wconf 91' lang='lat' dir='ltr'>ne</span> <span class='ocrx_word' id='word_1_187' title='bbox 777 3038 838 3103; x_wconf 91' lang='lat' dir='ltr'>hoc</span> <span class='ocrx_word' id='word_1_188' title='bbox 869 3038 1011 3125; x_wconf 82' lang='lat' dir='ltr'>quidem·</span> <span class='ocrx_word' id='word_1_189' title='bbox 1026 3038 1099 3103; x_wconf 92' lang='lat' dir='ltr'>loco</span> <span class='ocrx_word' id='word_1_190' title='bbox 1129 3037 1236 3103; x_wconf 84' lang='lat' dir='ltr'>dicere</span> <span class='ocrx_word' id='word_1_191' title='bbox 1263 3037 1389 3119; x_wconf 88' lang='lat' dir='ltr'>attinet,</span> 
     </span>
     <span class='ocr_line' id='line_1_27' title="bbox 283 3142 1389 3230; baseline 0.001 -25"><span class='ocrx_word' id='word_1_192' title='bbox 283 3164 355 3206; x_wconf 89' lang='lat' dir='ltr'>cum</span> <span class='ocrx_word' id='word_1_193' title='bbox 385 3142 464 3206; x_wconf 90' lang='lat' dir='ltr'>mihi</span> <span class='ocrx_word' id='word_1_194' title='bbox 487 3145 724 3230; x_wconf 89' lang='lat' dir='ltr'>proposuerim,</span> <span class='ocrx_word' id='word_1_195' title='bbox 750 3154 783 3210; x_wconf 95' lang='lat' dir='ltr'>et</span> <span class='ocrx_word' id='word_1_196' title='bbox 810 3145 850 3210; x_wconf 88' lang='lat' dir='ltr'>de</span> <span class='ocrx_word' id='word_1_197' title='bbox 873 3144 922 3209; x_wconf 88' lang='lat' dir='ltr'>his</span> <span class='ocrx_word' id='word_1_198' title='bbox 947 3154 979 3210; x_wconf 91' lang='lat' dir='ltr'>et</span> <span class='ocrx_word' id='word_1_199' title='bbox 1002 3144 1042 3209; x_wconf 90' lang='lat' dir='ltr'>de</span> <span class='ocrx_word' id='word_1_200' title='bbox 1067 3145 1178 3210; x_wconf 87' lang='lat' dir='ltr'>codiee</span> <span class='ocrx_word' id='word_1_201' title='bbox 1200 3143 1389 3208; x_wconf 88' lang='lat' dir='ltr'>Victoriano</span> 
     </span>
     <span class='ocr_line' id='line_1_28' title="bbox 284 3248 1388 3340; baseline 0.001 -29"><span class='ocrx_word' id='word_1_202' title='bbox 284 3270 380 3334; x_wconf 91' lang='lat' dir='ltr'>supra</span> <span class='ocrx_word' id='word_1_203' title='bbox 405 3248 564 3336; x_wconf 87' lang='lat' dir='ltr'>descripto</span> <span class='ocrx_word' id='word_1_204' title='bbox 589 3250 770 3317; x_wconf 84' lang='lat' dir='ltr'>accuratius</span> <span class='ocrx_word' id='word_1_205' title='bbox 794 3249 957 3340; x_wconf 87' lang='lat' dir='ltr'>disputare</span> <span class='ocrx_word' id='word_1_206' title='bbox 980 3251 1014 3316; x_wconf 95' lang='lat' dir='ltr'>in</span> <span class='ocrx_word' id='word_1_207' title='bbox 1036 3259 1275 3339; x_wconf 81' lang='lat' dir='ltr'>programmate</span> <span class='ocrx_word' id='word_1_208' title='bbox 1297 3271 1388 3336; x_wconf 87' lang='lat' dir='ltr'>gym-</span> 
     </span>
     <span class='ocr_line' id='line_1_29' title="bbox 281 3355 1249 3424; baseline -0.002 -4"><span class='ocrx_word' id='word_1_209' title='bbox 281 3355 363 3420; x_wconf 87' lang='lat' dir='ltr'>nasii</span> <span class='ocrx_word' id='word_1_210' title='bbox 386 3355 488 3418; x_wconf 86' lang='lat' dir='ltr'>nostri</span> <span class='ocrx_word' id='word_1_211' title='bbox 510 3355 698 3422; x_wconf 89' lang='lat' dir='ltr'>Ioachimici</span> <span class='ocrx_word' id='word_1_212' title='bbox 722 3366 874 3422; x_wconf 89' lang='lat' dir='ltr'>autumno</span> <span class='ocrx_word' id='word_1_213' title='bbox 898 3357 992 3423; x_wconf 85' lang='lat' dir='ltr'>huius</span> <span class='ocrx_word' id='word_1_214' title='bbox 1016 3357 1093 3424; x_wconf 90' lang='lat' dir='ltr'>anni</span> <span class='ocrx_word' id='word_1_215' title='bbox 1116 3355 1249 3420; x_wconf 90' lang='lat' dir='ltr'>edendo.</span> 
     </span>
    </p>

    <p class='ocr_par' dir='ltr' id='par_1_11' title="bbox 278 3457 1387 4083">
     <span class='ocr_line' id='line_1_30' title="bbox 370 3457 1387 3550; baseline -0.003 -27"><span class='ocrx_word' id='word_1_216' title='bbox 370 3460 440 3524; x_wconf 89' lang='lat' dir='ltr'>Iam</span> <span class='ocrx_word' id='word_1_217' title='bbox 464 3483 556 3544; x_wconf 78' lang='lat' dir='ltr'>vero,</span> <span class='ocrx_word' id='word_1_218' title='bbox 589 3463 776 3550; x_wconf 90' lang='lat' dir='ltr'>priusquam</span> <span class='ocrx_word' id='word_1_219' title='bbox 806 3463 950 3528; x_wconf 90' lang='lat' dir='ltr'>libellum</span> <span class='ocrx_word' id='word_1_220' title='bbox 973 3485 1076 3548; x_wconf 90' lang='lat' dir='ltr'>aequo</span> <span class='ocrx_word' id='word_1_221' title='bbox 1102 3460 1286 3525; x_wconf 87' lang='lat' dir='ltr'>criticorum</span> <span class='ocrx_word' id='word_1_222' title='bbox 1308 3457 1387 3522; x_wconf 90' lang='lat' dir='ltr'>iudi-</span> 
     </span>
     <span class='ocr_line' id='line_1_31' title="bbox 282 3563 1386 3654; baseline -0.003 -24"><span class='ocrx_word' id='word_1_223' title='bbox 282 3564 331 3630; x_wconf 91' lang='lat' dir='ltr'>cio</span> <span class='ocrx_word' id='word_1_224' title='bbox 357 3567 612 3634; x_wconf 89' lang='lat' dir='ltr'>commendatum</span> <span class='ocrx_word' id='word_1_225' title='bbox 636 3570 744 3633; x_wconf 87' lang='lat' dir='ltr'>valere</span> <span class='ocrx_word' id='word_1_226' title='bbox 767 3567 873 3647; x_wconf 90' lang='lat' dir='ltr'>iubeo,</span> <span class='ocrx_word' id='word_1_227' title='bbox 897 3566 1079 3654; x_wconf 88' lang='lat' dir='ltr'>gratissimo</span> <span class='ocrx_word' id='word_1_228' title='bbox 1102 3565 1208 3630; x_wconf 88' lang='lat' dir='ltr'>animo</span> <span class='ocrx_word' id='word_1_229' title='bbox 1224 3563 1386 3651; x_wconf 88' lang='lat' dir='ltr'>profiteor,</span> 
     </span>
     <span class='ocr_line' id='line_1_32' title="bbox 279 3668 1387 3760; baseline -0.003 -23"><span class='ocrx_word' id='word_1_230' title='bbox 279 3669 399 3760; x_wconf 90' lang='lat' dir='ltr'>Apulei</span> <span class='ocrx_word' id='word_1_231' title='bbox 422 3673 559 3739; x_wconf 85' lang='lat' dir='ltr'>existere</span> <span class='ocrx_word' id='word_1_232' title='bbox 582 3674 737 3740; x_wconf 87' lang='lat' dir='ltr'>editorem</span> <span class='ocrx_word' id='word_1_233' title='bbox 760 3697 811 3738; x_wconf 90' lang='lat' dir='ltr'>me</span> <span class='ocrx_word' id='word_1_234' title='bbox 832 3695 897 3738; x_wconf 91' lang='lat' dir='ltr'>non</span> <span class='ocrx_word' id='word_1_235' title='bbox 914 3696 1065 3739; x_wconf 87' lang='lat' dir='ltr'>ausurum</span> <span class='ocrx_word' id='word_1_236' title='bbox 1080 3671 1189 3756; x_wconf 89' lang='lat' dir='ltr'>fuisse,</span> <span class='ocrx_word' id='word_1_237' title='bbox 1214 3670 1275 3736; x_wconf 91' lang='lat' dir='ltr'>nisi</span> <span class='ocrx_word' id='word_1_238' title='bbox 1293 3668 1387 3736; x_wconf 90' lang='lat' dir='ltr'>Otto</span> 
     </span>
     <span class='ocr_line' id='line_1_33' title="bbox 279 3776 1387 3871; baseline 0 -29"><span class='ocrx_word' id='word_1_239' title='bbox 279 3777 458 3861; x_wconf 85' lang='lat' dir='ltr'>Iahnius,</span> <span class='ocrx_word' id='word_1_240' title='bbox 482 3789 673 3871; x_wconf 90' lang='lat' dir='ltr'>praeceptor</span> <span class='ocrx_word' id='word_1_241' title='bbox 696 3779 879 3846; x_wconf 90' lang='lat' dir='ltr'>carissimus</span> <span class='ocrx_word' id='word_1_242' title='bbox 903 3778 1053 3866; x_wconf 87' lang='lat' dir='ltr'>idemque</span> <span class='ocrx_word' id='word_1_243' title='bbox 1077 3779 1111 3844; x_wconf 90' lang='lat' dir='ltr'>in</span> <span class='ocrx_word' id='word_1_244' title='bbox 1126 3777 1246 3867; x_wconf 89' lang='lat' dir='ltr'>Apulei</span> <span class='ocrx_word' id='word_1_245' title='bbox 1262 3776 1387 3865; x_wconf 88' lang='lat' dir='ltr'>scriptis</span> 
     </span>
     <span class='ocr_line' id='line_1_34' title="bbox 278 3885 1386 3972; baseline -0.002 -24"><span class='ocrx_word' id='word_1_246' title='bbox 278 3886 415 3966; x_wconf 84' lang='lat' dir='ltr'>multum</span> <span class='ocrx_word' id='word_1_247' title='bbox 438 3895 594 3968; x_wconf 83' lang='lat' dir='ltr'>versatus,</span> <span class='ocrx_word' id='word_1_248' title='bbox 619 3886 770 3953; x_wconf 85' lang='lat' dir='ltr'>eximiam</span> <span class='ocrx_word' id='word_1_249' title='bbox 793 3887 881 3951; x_wconf 89' lang='lat' dir='ltr'>illam</span> <span class='ocrx_word' id='word_1_250' title='bbox 903 3885 1171 3966; x_wconf 80' lang='lat' dir='ltr'>benevolentiam,</span> <span class='ocrx_word' id='word_1_251' title='bbox 1197 3908 1261 3972; x_wconf 91' lang='lat' dir='ltr'>qua</span> <span class='ocrx_word' id='word_1_252' title='bbox 1277 3905 1386 3948; x_wconf 88' lang='lat' dir='ltr'>omnes</span> 
     </span>
     <span class='ocr_line' id='line_1_35' title="bbox 279 3987 1384 4083; baseline -0.004 -29"><span class='ocrx_word' id='word_1_253' title='bbox 279 4014 353 4056; x_wconf 89' lang='lat' dir='ltr'>snos</span> <span class='ocrx_word' id='word_1_254' title='bbox 377 3993 550 4080; x_wconf 89' lang='lat' dir='ltr'>discipulos</span> <span class='ocrx_word' id='word_1_255' title='bbox 574 3994 627 4059; x_wconf 91' lang='lat' dir='ltr'>vel</span> <span class='ocrx_word' id='word_1_256' title='bbox 649 4003 723 4083; x_wconf 87' lang='lat' dir='ltr'>post</span> <span class='ocrx_word' id='word_1_257' title='bbox 743 3993 942 4059; x_wconf 88' lang='lat' dir='ltr'>academiam</span> <span class='ocrx_word' id='word_1_258' title='bbox 965 3992 1111 4058; x_wconf 88' lang='lat' dir='ltr'>relictam</span> <span class='ocrx_word' id='word_1_259' title='bbox 1127 3990 1279 4080; x_wconf 89' lang='lat' dir='ltr'>prosequi</span> <span class='ocrx_word' id='word_1_260' title='bbox 1295 3987 1384 4068; x_wconf 85' lang='lat' dir='ltr'>solet,</span> 
     </span>
    </p>
   </div>
   <div class='ocr_carea' id='block_1_9' title="bbox 282 4109 480 4119">
    <p class='ocr_par' dir='ltr' id='par_1_12' title="bbox 282 4109 480 4119">
     <span class='ocr_line' id='line_1_36' title="bbox 282 4109 480 4119; baseline 0 0"><span class='ocrx_word' id='word_1_261' title='bbox 282 4109 480 4119; x_wconf 43' lang='lat' dir='ltr'>m-——w</span> 
     </span>
    </p>
   </div>
   <div class='ocr_carea' id='block_1_10' title="bbox 349 4147 579 4297">
    <p class='ocr_par' dir='ltr' id='par_1_13' title="bbox 349 4147 579 4297">
     <span class='ocr_line' id='line_1_37' title="bbox 350 4147 579 4215; baseline 0.026 -16"><span class='ocrx_word' id='word_1_262' title='bbox 350 4149 377 4215; x_wconf 86' lang='lat'>1)</span> <span class='ocrx_word' id='word_1_263' title='bbox 396 4147 428 4202; x_wconf 83' lang='lat' dir='ltr'>cf.</span> <span class='ocrx_word' id='word_1_264' title='bbox 448 4150 579 4206; x_wconf 86' lang='lat' dir='ltr'>addenda.</span> 
     </span>
     <span class='ocr_line' id='line_1_38' title="bbox 349 4230 579 4297; baseline 0.022 -15"><span class='ocrx_word' id='word_1_265' title='bbox 349 4230 376 4297; x_wconf 82' lang='grc'>2)</span> <span class='ocrx_word' id='word_1_266' title='bbox 396 4231 429 4284; x_wconf 85' lang='lat' dir='ltr'>cf.</span> <span class='ocrx_word' id='word_1_267' title='bbox 449 4233 579 4287; x_wconf 87' lang='lat' dir='ltr'>addenda.</span> 
     </span>
    </p>
   </div>
   <div class='ocr_carea' id='block_1_11' title="bbox 0 0 1618 5026">
    <p class='ocr_par' dir='ltr' id='par_1_14' title="bbox 0 0 1618 5026">
     <span class='ocr_line' id='line_1_39' title="bbox 0 0 1618 5026; baseline 0 4"><span class='ocrx_word' id='word_1_268' title='bbox 0 0 1618 5026; x_wconf 95' lang='lat' dir='ltr'> </span> 
     </span>
    </p>
   </div>
  </div>
 </body>
</html>
