3232 5028
281 497 321 561 72
631 491 660 545 1..
679 487 801 544 auvnut
819 487 1057 543 uanuvanusts

132 588 220 630 tritt.
234 586 305 628 ctos
1027 593 1030 596 ·
1305 575 1464 620 ndoudend.

284 651 448 734 plicassem,
464 663 648 730 quacumque
663 645 785 710 materia
799 645 962 708 dummodo
978 645 1073 726 lignea
1086 642 1278 728 exsculperet.
1306 644 1394 725 igitur

284 752 382 835 prime
393 749 520 814 buxeam
531 755 710 834 temptasse..
723 747 841 810 interim
856 746 929 810 dum
940 765 993 828 ego
1005 747 1067 810 nuri
1077 765 1144 835 ago,
1158 747 1301 810 Sicinium
1310 748 1393 810 Pon·

284 856 398 918 tianum
412 854 582 937 priuignum
599 869 709 925 meum,
726 850 775 930 qui
791 848 864 911 mihi
876 848 989 911 lactum
1003 849 1131 924 uolebat,
1151 850 1324 930 impetratos
1338 851 1392 913 he-

284 957 353 1019 beni
371 956 484 1019 lectulos
505 974 522 1018 a
541 955 663 1017 muliere
681 952 891 1015 honestissima
910 951 1072 1032 Capitolina
1094 951 1178 1014 adse
1196 953 1342 1015 attulisse:
1358 973 1394 1016 ex

284 1059 332 1122 illa
346 1058 447 1140 potius
462 1058 584 1121 materia
598 1055 710 1118 rariore
724 1061 753 1116 et
768 1054 944 1118 durabiliore
958 1055 1001 1117 uti
1015 1052 1124 1117 iaceret
1138 1055 1341 1118 adhortatum:
1362 1055 1390 1116 id
1405 1037 1464 1154 (ξω)

235 1161 268 1218 s
285 1176 395 1224 munus
407 1159 590 1240 cumprimis
602 1157 674 1220 mihi
687 1163 803 1236 gratum
816 1156 890 1219 fore.
917 1156 1081 1219 secundum
1096 1175 1130 1218 ea
1144 1176 1177 1219 se
1190 1158 1304 1231 fecisse,
1320 1174 1392 1237 pro-

285 1260 353 1322 inde
377 1265 411 1324 ut
434 1260 522 1322 loculi
544 1259 751 1341 suppetebant.
793 1259 834 1320 ita
852 1258 1020 1320 minutatim
1049 1258 1216 1322 estabelis
1242 1264 1394 1340 compacta

286 1361 479 1425 crassitudine
491 1361 700 1436 Mercuriolum
715 1359 843 1442 expediri
857 1359 999 1442 polluisse.

202 1477 271 1531 Lxlt
374 1463 453 1527 Hace
466 1471 500 1527 ut
514 1464 579 1526 dico
596 1463 695 1526 omnia
709 1461 824 1526 audisti.
855 1469 1004 1544 praeterea
1023 1480 1039 1524 a
1057 1461 1116 1526 filio
1132 1461 1309 1546 Capitolinae
1323 1481 1395 1544 pro-

285 1567 409 1631 bissimo
430 1568 617 1630 adulescente
636 1563 649 1650 ΙΙ
670 1567 720 1647 qui
739 1583 880 1648 praesens
901 1571 947 1627 cst
966 1566 1131 1628 sciscitante
1149 1572 1180 1629 te
1201 1566 1303 1628 eadem
1318 1565 1394 1627 dicta
1416 1586 1448 1636 ιο

287 1676 370 1733 sunt:
385 1669 565 1732 Pontianum
580 1669 693 1731 loculos
708 1668 826 1750 petisse,
845 1667 1025 1731 Pontianum
1041 1668 1199 1730 Saturnino
1221 1667 1322 1730 artifici
1342 1666 1394 1729 de-

285 1771 397 1834 tulisse.
428 1772 516 1833 etiam
527 1771 598 1833 illud
609 1787 671 1833 non
682 1776 814 1850 negatur,
829 1770 1009 1833 Ponu'anum
1024 1789 1041 1833 a
1056 1771 1215 1834 Saturnino
1230 1769 1394 1852 perlectum

286 1869 414 1952 sigillum
428 1873 583 1952 recepisse,
603 1878 707 1954 postca
728 1872 801 1933 mihi
821 1870 900 1935 dono
923 1865 1047 1936 dedisse.
1076 1873 1123 1936 his
1145 1873 1283 1936 omnibus
1298 1875 1394 1954 palam

286 1979 373 2053 atque
388 1980 488 2054 aperte
502 1973 644 2054 probatis,
661 1973 730 2052 quid
745 1973 867 2036 omnino
883 1982 1027 2057 superest,
1044 1976 1075 2038 in
1089 1991 1148 2056 quo
1160 1975 1284 2056 suspitio
1300 1975 1395 2056 aliqua

195 2099 270 2140 crea.
285 2075 397 2154 magiae
416 2072 591 2137 delitescat?
618 2076 711 2138 immo
735 2073 741 2160 Ι
764 2075 835 2156 quid
855 2077 977 2139 omnino
998 2082 1052 2153 est,
1072 2078 1153 2157 quod
1172 2097 1228 2140 uos
1248 2079 1396 2140 manifesti
1417 2091 1449 2144 ta

286 2175 429 2240 mendacii
443 2193 505 2240 non
519 2174 673 2242 reuincat?
697 2178 810 2262 occidte
821 2179 996 2242 fabricatum
1011 2199 1076 2242 esse
1087 2179 1209 2254 dixistis,
1225 2181 1305 2260 qued
1315 2179 1395 2243 Pon·

284 2281 381 2344 tianus
396 2279 652 2362 splendidissimus
666 2296 756 2359 eques
770 2279 834 2341 fieri
846 2280 969 2355 curauit,
985 2282 1065 2361 quod
1078 2282 1255 2345 Saturninus
1269 2282 1315 2345 uir
1329 2301 1396 2363 gra·
1427 2339 1430 2344 .
1475 2334 1485 2343 .

285 2383 332 2448 uis
352 2389 382 2444 et
399 2382 493 2469 probe
513 2383 590 2446 inter
609 2400 680 2446 suos
701 2383 836 2464 cognitus
855 2383 886 2446 iu
906 2383 1027 2447 uhema
1046 2402 1100 2448 sua
1120 2385 1224 2449 sedens
1244 2385 1395 2468 propalam
1482 2464 1484 2468 .

285 2484 454 2566 exsculpsit,
470 2485 550 2565 quod
565 2484 752 2548 ornatissima
767 2491 903 2548 matrona
917 2503 1040 2550 munere
1055 2507 1110 2550 sue
1126 2487 1246 2562 adiuuit,
1268 2487 1347 2569 quod
1367 2493 1398 2550 et
1492 2505 1494 2511 ⁴

286 2588 421 2650 futurum
442 2594 471 2648 et
495 2587 607 2649 factum
626 2587 713 2650 multi
733 2606 802 2650 cum
823 2605 980 2650 seruorum
1005 2595 1070 2652 tum
1096 2590 1259 2652 amicerum
1285 2591 1335 2670 qui
1359 2591 1395 2652 ad
1416 2604 1451 2655 ne

287 2706 335 2751 me
349 2687 532 2750 uentitabant
546 2688 684 2752 sciemmt.
714 2689 827 2769 lignum
842 2706 859 2750 a
879 2708 928 2752 ma
947 2695 1011 2752 toto
1033 2691 1141 2773 oppido
1161 2691 1325 2773 etquidem
1340 2711 1395 2774 op-

286 2778 366 2870 pido
382 2790 548 2869 quaesitum
570 2807 632 2852 non
656 2790 750 2872 piguit
774 2809 830 2854 uos
856 2792 1053 2868 commentiri,
1079 2810 1168 2875 quem
1182 2794 1291 2856 aluisse
1309 2793 1341 2856 in
1359 2813 1394 2856 eo

285 2897 420 2972 tempore
444 2891 539 2967 scitis,
572 2909 660 2972 quem
684 2891 806 2956 iussisse
831 2893 894 2956 fieri
920 2894 1113 2975 qualicunque
1131 2897 1262 2983 wnuateria
1286 2896 1395 2979 proba·

285 3001 351 3058 tum
366 2999 420 3056 est.
791 3001 792 3004 ’
1319 3002 1322 3006 ’

188 3103 268 3162 exul
371 3095 504 3160 Tertium
529 3094 714 3158 mendacium
736 3102 870 3190 uestrum
894 3097 963 3173 iuit,
990 3100 1175 3164 macilentam
1200 3101 1249 3162 uel
1272 3083 1393 3164 omnino
1413 3115 1447 3166 25

285 3404 420 3470 plicassem
440 3402 514 3471 lupo:
540 3401 889 3471 elaboraret-supplicarem
909 3407 950 3459 oet
968 3407 1333 3476 elaborassit-sepplicassim
1356 3408 1396 3459 uel

286 3484 506 3538 elaborasseret-
521 3485 733 3552 supplicasserom
753 3487 884 3555 Actdad‘ns
921 3488 926 3558 Ι
965 3491 999 3554 et]
1023 3489 1111 3542 madae
1133 3496 1162 3542 ut
1204 3489 1210 3558 Ι
1252 3489 1393 3544 cuiuscum-

286 3581 363 3634 quev
385 3563 399 3634 fl
1368 3625 1372 3632 ·

347 3646 359 3697 1
374 3660 518 3713 quacunque
532 3661 548 3698 v
562 3643 567 3712 Ι
582 3647 731 3714 exsculpere
737 3647 767 3712 F,
774 3650 923 3715 exculperet
934 3666 950 3702 u
963 3648 974 3719 l
985 3651 1001 3702 2
1013 3657 1151 3724 temptasse
1162 3666 1188 3716 v,
1200 3659 1314 3704 tentasse
1327 3649 1395 3723 Ftpl

287 3727 459 3794 dimpotrates
472 3742 497 3790 v,
510 3726 658 3793 impetratas
671 3727 701 3793 F,
714 3729 898 3799 impetratusap
918 3727 929 3798 ΙΙ
949 3731 966 3782 4
983 3731 1091 3796 loculos]
1104 3732 1210 3784 buculos
1225 3731 1343 3801 Scaliger
1354 3731 1393 3803 nd

286 3809 444 3878 materiepv
467 3807 724 3876 fl‘dpratummiluic
749 3813 755 3878 Ι
782 3812 917 3863 secundum
930 3812 1240 3881 metamaucenses),
1253 3813 1293 3880 lep
1307 3819 1323 3867 d
1338 3830 1394 3866 mea

286 3888 316 3954 F,
329 3892 414 3942 secdm
425 3905 456 3941 ea
468 3890 500 3955 V,
513 3891 558 3941 aed
569 3903 600 3940 ea
612 3907 626 3948 ς
646 3890 656 3956 l
681 3890 785 3956 proinde
798 3909 831 3960 φ,
842 3892 917 3956 piade
929 3891 959 3957 F,
971 3893 1074 3958 perinde
1087 3910 1104 3946 v
1125 3893 1136 3963 ΙΙ
1161 3895 1175 3944 1
1188 3895 1268 3948 loculi
1279 3912 1306 3961 v,
1321 3897 1393 3948 loeu-

286 3968 377 4038 liaFcp
403 3970 408 4036 1
434 3970 527 4025 iteml’
559 3969 570 4038 ΙΙ
603 3972 808 4030 ldadulescente
821 3972 875 4036 FV,
889 3974 1053 4026 adulescente
1074 3977 1249 4044 pinearum
1276 3974 1286 4044 ss
1319 3977 1350 4028 ta
1366 3985 1394 4028 et

286 4056 376 4112 postea
397 4067 415 4102 v
445 4050 456 4120 ΙΙ
490 4053 522 4104 14
543 4053 649 4119 suspitio
667 4069 693 4118 v,
717 4052 827 4120 suspicio
848 4053 894 4124 up
925 4053 936 4123 ll
969 4056 1001 4107 16
1022 4071 1081 4108 esse
1105 4057 1217 4120 sigillam
1241 4073 1254 4114 r
1288 4056 1293 4125 Ι
1327 4057 1393 4124 qued

489 4133 557 4186 (m
569 4132 621 4185 aee.)
645 4205 669 4258 φ
692 4185 703 4256 ΙΙ
727 4188 758 4240 18
771 4188 932 4248 tabernulas
951 4185 962 4257 1
987 4191 1019 4243 19
1030 4191 1158 4257 exculpsit
1169 4191 1232 4261 quv
1255 4189 1267 4260 ΙΙ
1294 4192 1327 4243 20
1341 4191 1391 4259 qui]

813 4281 853 4312 u
867 4269 933 4324 (mco.
947 4271 999 4326 aec.)

288 4293 629 4388 qd'pflilquemc,qoem
640 4337 713 4390 quem
725 4322 778 4388 nv,
792 4329 842 4392 q’q'
998 4323 1150 4395 plateisse
1163 4323 1218 4390 FV,
1232 4325 1334 4378 adamae
1347 4342 1371 4396 φ
1384 4324 1394 4392 ΙΙ

200 4251 203 4258 ,
287 4197 309 4246 fr
322 4197 369 4247 ‘1¹¹⁰
383 4143 480 4251 thgg
