3226 5026
667 441 838 507 Alouanis
939 481 942 486 -
1267 456 1306 523 53

119 540 163 584 na.
178 541 281 584 cusona.
1279 544 1295 583 r.
1306 543 1366 587 11³2.
1379 539 1397 587 't
1406 549 1453 590 rra.

190 608 406 692 praescriptum
432 605 588 694 opiniolnis
612 593 642 672 et
664 601 761 670 lamae
785 606 960 672 confinxere·
978 619 1105 693 poenam
1132 601 1299 692 quempiam
1313 635 1387 676 tua.

120 727 177 783 (em)
192 697 321 785 carmine
336 717 486 774 canutum
502 707 514 796 ΙΙ
529 711 651 775 remotis
666 709 792 784 arbitris,
808 717 921 773 secreto
936 703 1012 787 loco,
1034 713 1115 774 arma
1135 719 1164 774 et
1183 713 1301 776 lucerna
1315 736 1326 776 r
1340 737 1401 777 nas.

191 821 220 876 et
243 813 345 896 paucis
371 813 497 875 consciis
522 813 658 888 testibus,
683 813 735 875 ubi
761 813 926 875 incantatus
946 814 999 888 sit,
1013 815 1176 890 ammisse,
1202 821 1306 896 postea

190 917 371 980 nescientem
386 916 433 978 sui
447 915 613 978 excitatum.
644 919 699 976 nec
714 915 791 976 ultra
805 915 854 977 isti
868 915 987 996 quidem
998 917 1137 997 progredi
1146 917 1305 1003 mendacio

157 1033 172 1084 t
192 1019 266 1082 ausi.
302 1020 351 1080 sed
369 1019 448 1081 enirn
469 1017 567 1078 fabula
587 1025 621 1079 ut
639 1017 821 1098 impleretur,
848 1018 1015 1081 addendum
1041 1019 1129 1080 etiam
1145 1009 1218 1081 illud
1237 1019 1303 1093 fuit,

191 1124 319 1202 puerum
334 1120 574 1182 eundem'multa
595 1119 746 1200 praesagio
766 1119 953 1201 praedixisse.
985 1121 1093 1202 quippe
1112 1123 1170 1183 hoc
1189 1123 1305 1184 emolu·

191 1229 326 1285 mentum
341 1222 460 1284 canticis
476 1221 644 1303 accipimus,
660 1221 844 1302 praesagium
859 1229 888 1283 et
902 1222 1123 1285 diuinationem.
1147 1235 1203 1286 nec
1214 1224 1305 1286 modo

191 1325 272 1405 uulgi
293 1325 442 1406 opinione,
467 1343 573 1386 uerum
594 1323 681 1384 etiam
707 1324 863 1386 doctorum
888 1325 1024 1389 uirorum
1051 1327 1231 1388 auctoritate⁴
1247 1327 1305 1388 hoc

191 1412 366 1491 miraculum
382 1427 419 1489 de
433 1427 533 1507 pueris
548 1427 748 1488 confirmatur.
776 1425 898 1488 memini
908 1445 957 1488 me
971 1415 1051 1510 apud
1060 1429 1222 1490 Varronem
1237 1426 1321 1508 phi·
1392 1432 1397 1439 '

192 1529 362 1612 losophum,
377 1531 477 1592 uirum
498 1523 716 1591 accuratissime
736 1529 856 1590 doctum
878 1536 964 1610 atque
984 1530 1142 1605 eruditum,
1162 1550 1231 1593 oum
1251 1529 1305 1590 alia

192 1631 325 1694 eiusdem
340 1631 432 1707 modi,
448 1638 513 1693 tum
527 1631 586 1692 hoc
601 1631 688 1692 etiam
703 1631 814 1710 legere:

283 1734 427 1798 Trallibus
460 1735 496 1796 de
521 1740 631 1796 euentu
654 1731 839 1795 Mithridatici
863 1716 931 1794 b'eni
951 1733 1063 1814 magica
1083 1735 1304 1815 percontatione

191 1823 422 1912 considentibus,
443 1853 571 1917 puerum
594 1836 625 1897 in
645 1852 720 1915 aqua
740 1834 930 1898 simulacrum
950 1835 1075 1898 Mercuri
1101 1836 1305 1917 contemplan-

190 1945 262 2014 tem,
285 1957 359 2020 quae
372 1938 472 2000 futura
492 1945 591 2012 erant,
605 1943 724 1999 centum
736 1938 883 2017 sexaginta
892 1922 1032 2000 uersibus
1048 1937 1196 2000 cecinisse.
1217 1939 1305 2000 item·

138 2053 171 2106 to
191 2061 248 2124 que
262 2042 396 2116 Fabium,
425 2058 494 2102 cum
516 2041 692 2120 quingentos
718 2040 870 2102 denarium
891 2036 1075 2120 perdidisset,
1101 2043 1137 2102 ad
1157 2041 1305 2120 Nigidium

191 2145 361 2207 consultum
385 2143 519 2217 uenisse3
545 2142 581 2203 ab
608 2149 643 2203 ‘eo
664 2158 773 2222 pueros
794 2139 923 2202 carmine
943 2141 1099 2204 instinctos
1119 2143 1304 2216 indicauisse

190 2244 241 2310 ubi
264 2247 401 2308 locorum
427 2245 544 2306 defossa
570 2250 648 2305 esset
672 2243 806 2304 crumina
826 2261 895 2305 oum
921 2250 1003 2324 parte
1023 2263 1137 2320 eorum,
1164 2245 1252 2306 ceteri
1271 2252 1305 2311 ut

191 2349 291 2412 forent
311 2348 473 2423 distributi3
494 2364 590 2409 unum
611 2346 700 2409 etiam
715 2346 868 2408 denarium
884 2365 920 2407 ex
934 2365 969 2408 eo
984 2364 1110 2409 numero
1126 2337 1234 2409 hahere
1248 2346 1304 2408 Ca-

180 2457 295 2514 tonem
315 2451 536 2532 philosophum.
578 2469 666 2530 quern
692 2467 724 2510 se
743 2467 760 2510 a
779 2448 957 2530 pedissequo
984 2448 1015 2510 in
1036 2449 1141 2530 stipem
1160 2449 1303 2530 Apollinis

138 2569 171 2621 no
197 2551 345 2633 accepisse
359 2551 430 2613 Cato
445 2551 599 2613 confessus
615 2557 687 2612 est
721 2581 722 2584 ¹
780 2587 782 2591 ·
1309 2593 1313 2600 ·

277 2654 354 2716 Haec
374 2659 403 2715 et
423 2653 477 2716 elia
497 2654 576 2735 apud
597 2655 754 2734 plerosque
770 2652 806 2714 de
825 2653 946 2732 magicis
964 2648 1064 2734 pueris
1079 2654 1143 2734 lego
1159 2655 1305 2734 equidem,
1315 2669 1454 2724 xxxxru
1479 2731 1482 2735 .

119 2787 179 2842 (49⁸)
194 2757 246 2819 sod
261 2755 368 2819 dubius
384 2755 544 2818 sententiae
560 2755 786 2831 sum,·dioamne
805 2755 868 2816 fieri
888 2773 977 2834 posse
998 2770 1035 2816 an¹
1054 2773 1168 2836 negem.
1200 2775 1305 2836 quarn-

192 2877 280 2942 quam
290 2859 407 2923 Platoni
421 2859 550 2934 credam,
566 2859 644 2921 inter
658 2859 729 2920 deos
745 2865 831 2938 atque
845 2858 982 2920 homines
996 2865 1101 2920 natura
1116 2865 1144 2919 et
1157 2860 1223 2920 loco
1237 2877 1304 2920 rne-

192 2962 254 3026 dias
277 2962 419 3042 quasdam
440 2961 579 3023 diuorum
600 2966 761 3041 potestates
787 2959 949 3034 intersitas,
976 2977 1084 3038 easque
1109 2960 1304 3021 diuinationes

138 3091 172 3142 25
194 3071 314 3128 cunctas
330 3071 359 3126 et
373 3081 529 3145 magorum
544 3063 685 3126 miracula
699 3063 874 3143 guernere
898 3061 969 3140 quin
985 3067 1014 3121 et
1032 3061 1104 3122 illud
1124 3079 1241 3123 mecum
1255 3079 1304 3122 re-

191 3174 274 3251 puto,
295 3185 384 3248 posse
404 3167 536 3230 animum
555 3168 731 3241 humanum,
756 3168 761 3250 Ι
780 3162 953 3247 praesertim
973 3162 1119 3242 puerilem
1140 3170 1170 3223 et
1190 3161 1304 3244 simpli·

196 3287 261 3333 cem
276 3288 330 3332 seu
343 3270 507 3332 carminum
522 3276 714 3333 auocamento
736 3268 799 3331 siue
818 3267 945 3330 odorum
960 3264 1155 3328 delenimento
1172 3262 1305 3345 soporari

137 1503 171 1558 10

119 1578 178 1632 (aar)

193 3387 227 3456 28
248 3405 362 3470 Sympos.
379 3419 405 3469 p.
426 3375 515 3456 2020.

261 3559 432 3611 inonduxere
447 3558 548 3612 Colviur
571 3555 582 3628 Ι
607 3557 720 3609 nonaum
733 3555 887 3608 incantatum
913 3552 918 3623 Ι
950 3569 971 3606 s.
986 3555 1070 3623 aliquo
1088 3555 1145 3606 loco
1157 3553 1302 3606 Salmasius

191 3639 197 3710 Ι
221 3641 445 3694 arculal'rt‘cacur
468 3637 479 3708 Ι
507 3641 702 3692 dcxcantatnm
719 3636 933 3692 sermonumad
943 3637 1019 3705 Prop.
1037 3635 1080 3688 llll
1092 3638 1117 3714 ᾇ,
1130 3637 1161 3688 13
1186 3634 1196 3704 Ι
1224 3637 1301 3687 5sed

193 3723 259 3772 onim
269 3719 394 3772 Borroda:
409 3723 474 3774 enim
486 3723 539 3790 up,
560 3722 651 3773 etenim
664 3719 808 3771 vz-atonim
827 3719 953 3770 Pricaeus
981 3716 992 3783 ΙΙ
1017 3719 1126 3769 'locria
1143 3717 1302 3784 praesagium

113 3807 122 3828 ‘
194 3811 221 3854 ot
232 3801 410 3854 diuinationem
422 3801 574 3854 secludenda
584 3807 662 3871 putat
672 3801 786 3853 Boneita
809 3798 818 3868 Ι
844 3801 872 3851 11
888 3799 1040 3850 eiusmodiv
1068 3797 1078 3866 Ι
1108 3799 1139 3849 12
1156 3795 1301 3849 rallibusF

191 3881 196 3951 Ι
221 3883 428 3956 perconctatione
440 3883 642 3936 consultantibus
650 3875 678 3944 JV
702 3879 712 3949 ΙΙ
737 3883 768 3934 13
781 3881 902 3932 Mercurii
918 3879 963 3948 sp
989 3878 998 3948 ΙΙ
1021 3881 1052 3930 14
1065 3887 1163 3930 centum
1182 3878 1226 3928 olx
1247 3877 1268 3927 F
1295 3875 1303 3944 ΙΙ

195 3967 227 4018 15
239 3962 345 4016 Fabium
357 3979 379 4029 c,
391 3964 497 4016 nouum
508 3963 562 4028 FV,
575 3963 680 4016 Fanium
693 3980 716 4032 φ
733 3961 742 4032 Ι
762 3963 794 4016 16
810 3961 947 4012 indictasso
964 3960 985 4011 F
998 3959 1009 4028 ΙΙ
1022 3962 1053 4012 17
1070 3961 1183 4012 locorum
1201 3957 1303 4010 defosso

193 4047 216 4099 V
243 4043 248 4112 Ι
273 4060 394 4096 crumena
406 4061 447 4114 (pv
472 4043 477 4113 Ι
503 4045 570 4110 parti
582 4043 615 4096 V:
628 4044 720 4110 partim
732 4043 856 4096 Brantt'us
882 4039 887 4109 Ι
914 4042 1038 4093 caeteriv
1062 4041 1072 4109 ΙΙ
1095 4041 1126 4092 18
1139 4040 1303 4099 Μ.,(Ιαῐοπειιι

193 4126 425 4180 offerturam.
437 4129 566 4180 oratam
588 4123 599 4195 Ι
623 4126 655 4178 19
668 4125 694 4176 in
712 4124 801 4190 stipem
819 4124 998 4176 Caraabonur:
1024 4123 1050 4174 iu
1070 4121 1128 4192 fype
1145 4122 1175 4188 F,
1197 4122 1223 4172 iu
1239 4122 1303 4190 stipe

192 4225 234 4280 ‹pv
257 4206 267 4277 Ι
290 4209 321 4262 21
335 4211 440 4275 magieis
454 4209 566 4262 Ooioimr
578 4206 666 4270 magiis
679 4213 705 4258 ot
717 4205 781 4274 nov
806 4202 812 4274 Ι
838 4205 996 4272 acquidomv
1023 4203 1033 4274 Ι
1064 4206 1098 4258 24
1109 4204 1243 4264 intersitas
1255 4221 1272 4256 v
1293 4202 1308 4272 Ι

194 4292 227 4344 26
239 4293 455 4358 cupressorum
477 4289 488 4364 Ι
