3226 5026
686 427 856 484 mouetur
1289 441 1329 502 37

142 516 185 560 ud.
201 516 304 559 oudend.
1315 525 1399 576 illos,
1413 527 1472 570 1111.

211 590 258 644 tot
279 582 363 648 annis
389 599 451 646 non
476 583 618 665 nupserit.
655 575 721 648 ‘cur
745 585 828 665 prius
850 602 938 668 quarn
964 587 1017 653 tihi
1041 588 1180 665 nuberet,
1207 592 1325 674 scripsit

212 687 311 749 nescio
327 686 398 768 quid
412 686 443 748 in
458 685 582 768 epistula
596 685 674 766 quod
696 686 751 749 sihi
769 681 963 753 uidebatur‘l'
992 693 1075 772 quasi
1095 693 1250 775 quisquam
1270 697 1322 758 de-

211 788 280 851 heat
293 807 397 853 causas
412 789 522 852 alienae
537 789 697 852 sententiae
715 789 847 852 reddere.
878 797 908 854 at
925 793 1004 854 enim
1024 789 1037 877 ΙΙ
1057 795 1153 859 maior
1170 804 1242 862 natu
1260 818 1322 861 non
1335 817 1353 859 r.
1362 819 1424 860 nou.

212 898 258 954 est
268 891 407 954 iuuenem
422 897 584 972 aspamata.
610 892 700 974 igitur
709 893 768 956 hoc
777 894 877 975 ipsum
888 901 1095 976 argumentum
1107 900 1234 962 estnihil
1246 921 1322 982 opus

141 974 199 1095 (452)
214 995 309 1076 magia
324 995 425 1068 house,
440 999 474 1056 ut
487 994 599 1058 nubere
613 996 702 1058 uellet
715 996 822 1060 mulier
835 997 911 1072 uiro,
926 997 1015 1059 uidua
1030 998 1145 1074 caelibi,
1165 1003 1261 1066 maior
1274 1005 1322 1068 iu·

212 1097 298 1160 niori.
333 1097 392 1160 iam
420 1102 449 1158 et
472 1097 521 1158 illa
542 1097 660 1160 similia:
684 1089 789 1161 ‘hahet
813 1099 951 1180 quiddam
970 1099 1110 1182 Apudeius
1136 1103 1217 1166 domi
1241 1109 1321 1186 quod

211 1205 312 1261 sancte
326 1191 421 1262 colit':
445 1199 529 1280 quasi
549 1217 611 1262 non
631 1201 661 1262 id
682 1201 781 1281 potius
797 1202 909 1264 crimen
924 1201 978 1276 sit,
999 1203 1078 1283 quod
1093 1204 1172 1266 colas
1190 1223 1253 1268 non
1266 1208 1321 1271 ha-

210 1301 289 1366 here.
316 1291 432 1364 ‘cecidit
445 1309 600 1381 praesente
616 1303 738 1385 Apuleio
753 1295 847 1385 puer.³
876 1304 945 1385 quid
961 1304 1049 1380 cuim,
1066 1306 1092 1367 si
1104 1307 1230 1384 iuuenis,
1250 1310 1321 1390 (prid

211 1406 235 1467 si
250 1405 338 1467 etiam
353 1422 443 1489 senex
458 1405 617 1469 adsistente
636 1424 685 1467 me
700 1406 861 1473 corruisset
879 1407 928 1468 uel
945 1407 1051 1470 morbo
1072 1411 1205 1491 corporis
1223 1410 1320 1492 impe-

158 1519 189 1570 10
211 1508 289 1570 ditus
303 1508 352 1570 uel
365 1506 478 1572 luhrioo
499 1508 554 1571 soli
573 1504 754 1590 prolapsus?
773 1508 885 1570 hiscine
903 1511 1084 1589 argumentis
1102 1513 1228 1594 magiam
1247 1534 1319 1596 pro-

210 1607 309 1672 batis?
328 1611 407 1689 [casu
426 1609 542 1691 pueruli
570 1607 575 1696 Ι
601 1639 618 1670 s
644 1638 659 1671 s
687 1638 703 1670 s
730 1616 759 1672 et
773 1611 963 1674 matrimonio
986 1613 1117 1678 mulieris
1142 1623 1172 1678 et
1194 1616 1318 1684 ohscuio
1334 1643 1393 1685 ros.

210 1713 348 1795 piscium]
953 1739 955 1742 ·

295 1816 420 1880 Possem
435 1815 572 1897 equidem
585 1815 666 1878 hono
681 1816 813 1897 periculo
828 1815 876 1878 uel
895 1815 941 1878 his
957 1815 1041 1879 dictis
1061 1824 1217 1884 contentus
1231 1839 1321 1903 pero·
1337 1837 1448 1894 xxvn]

208 1936 283 1982 rare.
322 1919 462 2001 quoniam
484 1927 584 1982 tamen
604 1919 676 1981 mihi
699 1938 754 1999 pro
780 1918 973 1981 accusationis
998 1920 1179 2000 longitudine
1203 1924 1321 2004 largiter
1340 1951 1341 1954 ¹

156 2039 188 2089 15
210 2040 301 2102 aquae
316 2031 461 2105 superest,
477 2022 560 2096 cedo,
577 2022 602 2084 si
616 2022 744 2096 uidetur,
760 2021 874 2100 singrda
893 2021 1122 2086 consideremus.
1158 2031 1244 2106 atque
1264 2047 1318 2109 ego

209 2125 308 2188 omnia
323 2126 435 2190 obiecta
450 2145 503 2189 scu
517 2142 588 2188 uera
603 2143 656 2187 seu
669 2125 743 2188 falsa
757 2129 836 2199 sunt,
852 2140 914 2184 nou
930 2123 1054 2202 negabo,
1074 2126 1125 2188 sed
1136 2129 1257 2209 perinde
1273 2136 1317 2191 at-

208 2247 265 2308 que
285 2228 310 2290 si
329 2230 405 2291 facta
423 2229 485 2291 sint
507 2228 635 2303 fatebor,
661 2234 695 2292 ut
716 2227 812 2290 omnis
830 2211 888 2288 ista
907 2225 1079 2302 multitudo,
1104 2247 1177 2309 quae
1191 2230 1318 2311 plurima

137 2351 195 2406 (uo)
209 2331 339 2411 undiquc
354 2333 390 2394 ad
405 2332 584 2394 audiendum
599 2331 753 2406 conuenit„
763 2335 863 2411 aperte
877 2328 1032 2408 intellegat,
1048 2329 1120 2392 nihil
1138 2331 1170 2392 in
1183 2331 1317 2411 philoso-

207 2432 285 2514 phos
300 2451 362 2496 non
373 2434 464 2496 modo
481 2451 551 2497 uere
566 2433 631 2508 dici,
648 2435 700 2500 sed
714 2451 752 2495 ne
765 2433 840 2496 falsc
856 2431 974 2513 quidem
985 2451 1074 2512 posse
1085 2434 1221 2515 confingi,
1237 2437 1317 2514 quod

154 2549 187 2600 20
208 2553 271 2597 non
290 2555 326 2598 cx
344 2537 527 2600 innocentiae
547 2536 666 2612 fiducia,
687 2535 822 2617 quamtus
846 2535 930 2597 liceat
948 2551 1069 2615 negare,
1094 2541 1195 2598 tamen
1216 2538 1315 2618 potius

207 2637 333 2700 habeant
349 2638 513 2703 defendere.
543 2637 675 2720 primum
689 2639 778 2720 igitur
791 2642 963 2718 argumenta
978 2655 1083 2702 eorum
1097 2640 1272 2710 conuincam
1283 2660 1317 2704 ac

206 2737 351 2817 refutabo
371 2741 443 2803 nihil
457 2759 492 2804 ea
506 2741 543 2802 ad
557 2741 685 2822 magiam
699 2741 860 2824 pertinere:
887 2740 954 2804 dein
977 2741 1032 2803 etsi
1056 2741 1183 2804 maxime
1210 2761 1314 2823 magus

205 2845 319 2918 iorem,
346 2851 447 2906 taruco
469 2843 625 2906 ostendam
644 2862 739 2925 neque
763 2861 882 2907 causam
899 2843 991 2906 ullam
1014 2861 1109 2924 neque
1129 2845 1313 2913 occasionem

206 2946 307 3023 hnisss,
328 2953 362 3009 ut
380 2965 429 3010 me
443 2947 475 3009 in
493 2947 590 3027 aliquo
611 2947 752 3010 maleficio
776 2946 985 3027 experirentur.
1014 2945 1055 3008 ihi
1073 2947 1160 3008 etiam
1182 2948 1219 3011 de
1239 2947 1313 3010 falso

154 3058 188 3108 25
209 3049 321 3112 inuidia
334 3050 429 3130 deque
440 3049 572 3131 epistulis
585 3049 717 3114 mulieris
725 3067 882 3132 perperam
896 3047 979 3110 lectis
995 3053 1024 3110 et
1033 3047 1158 3136 nequius
1168 3047 1312 3129 interpre-

208 3152 277 3213 tatis
293 3153 387 3233 deque
401 3152 590 3217 matrimonio
605 3171 672 3216 mec
695 3172 729 3216 ac
749 3151 929 3215 Pudentillae
943 3149 1112 3231 disputabo,
1131 3149 1219 3230 idque
1233 3168 1250 3212 a
1265 3169 1314 3213 me
1334 3183 1335 3188 κ

136 3253 382 3336 (rarr'susceptum
407 3254 494 3318 officii
514 3255 606 3336 gratia
625 3274 715 3338 quam
736 3256 810 3320 lucri
829 3272 919 3318 causa
935 3252 1057 3317 docebo.
1096 3252 1312 3334 quodquidam

209 3357 434 3422 matrimonium
463 3365 602 3424 nostrum
630 3358 792 3423 Aemiliano
822 3342 891 3422 hui'c
915 3356 1044 3424 immane
1073 3361 1183 3436 quanto
1212 3355 1314 3436 angori

276 3576 287 3627 1
309 3576 427 3628 nubserit
438 3576 459 3628 F
483 3575 493 3644 [Ι
517 3577 533 3628 2
545 3576 655 3646 epistola
667 3575 721 3643 Fp,
734 3575 843 3642 epistula
854 3574 879 3628 V
904 3572 909 3641 1
935 3575 1001 3640 quud
1014 3572 1050 3624 sic
1064 3571 1173 3636 cuam,
1186 3572 1251 3640 quod
1264 3585 1313 3623 non

206 3655 325 3708 Maias
353 3655 364 3726 ΙΙ
392 3658 546 3726 lnichilp
573 3656 584 3727 l
612 3658 741 3708 'isocrcto
758 3653 860 3709 colitV
884 3652 896 3724 ll
919 3654 1123 3723 dassistcntap
1149 3651 1154 3720 1
1184 3654 1311 3719 impetitus

207 3736 343 3788 Acidaliae
366 3735 376 3804 [Ι
402 3738 579 3809 ldmagianp
606 3737 617 3808 ll
647 3739 675 3790 11
690 3737 791 3804 pueruli
801 3736 955 3790 Salmaar'tm
968 3734 1061 3802 puerili
1072 3735 1135 3805 Ρφν
1161 3733 1166 3802 l
1195 3735 1312 3786 hamma

207 3821 288 3870 mum
303 3819 438 3871 verborum
454 3820 608 3888 significavi:
633 3819 681 3872 aad
699 3821 776 3871 amba
796 3817 1003 3886 casn-piscium
1024 3832 1081 3867 esse
1098 3816 1230 3882 glossema
1249 3815 1315 3868 cidit

1000 3899 1012 3938 c

206 3953 250 4008 ar.
264 3950 365 4008 Nabim
387 3950 398 4021 ΙΙ
423 3953 550 4006 litamen
562 3969 612 4005 om.
625 3952 672 4022 ‹pV
698 3950 703 4019 l
733 3953 872 4017 largitorv
901 3950 912 4020 ΙΙ
938 3951 969 4003 15
986 3965 1048 4018 aque
1061 3949 1091 4014 F,
1106 3957 1225 4019 atquem,
1249 3966 1312 4018 aque

205 4035 230 4086 V
246 4038 273 4086 et
286 4035 315 4086 in
331 4036 525 4102 aaargr'aaaqup
552 4033 563 4102 Ι]
587 4034 619 4085 18
636 4035 762 4100 intelliget
778 4035 840 4103 va
867 4031 871 4101 Ι
900 4033 1010 4102 nichilcp
1031 4029 1041 4099 ss
1064 4031 1094 4082 21
1108 4030 1216 4084 habeant
1227 4033 1311 4099 potins

206 4132 233 4167 u:
247 4123 340 4168 aucant
351 4115 460 4169 Ficloiua
480 4114 491 4184 ΙΙ
512 4116 545 4167 22
557 4115 633 4166 nichil
645 4133 668 4186 φ
688 4112 699 4183 ΙΙ
719 4116 753 4167 24
765 4116 796 4166 dc
808 4113 875 4168 salsa
886 4114 980 4166 inuidia
994 4113 1034 4166 eet
1048 4115 1079 4165 dc
1091 4110 1251 4165 lnlsoinuidia
1264 4114 1311 4166 Ga-

205 4200 336 4249 sauhonus
367 4194 378 4265 ΙΙ
410 4197 444 4248 to
461 4195 577 4264 epistolis
594 4195 647 4266 up,
661 4196 777 4263 o“ptisV
801 4205 811 4262 p
842 4197 874 4247 tt
885 4201 947 4267 post
963 4203 1106 4263 susceptum
1117 4192 1311 4246 addendumor-

206 4276 378 4344 usurpatius
398 4275 410 4346 ΙΙ
432 4277 465 4330 28
477 4277 583 4330 immam
596 4285 714 4346 quantum
726 4275 766 4332 W
764 4292 865 4331 moerus
888 4276 898 4346 ΙΙ
