3226 5026
698 419 888 474 paturnelo
1311 447 1349 488 v11

328 574 412 641 Prae
446 577 562 642 ceteris
595 574 695 661 igitur
724 573 844 662 Apulei
877 575 969 642 libris
1003 576 1082 642 haee
1119 577 1220 642 oratio
1250 577 1350 664 digne

238 678 368 746 videtur
374 729 383 762 ,
413 701 496 766 quae
525 679 650 746 mendis
681 689 713 745 et
741 680 946 748 librariorum
974 689 1007 748 et
1034 682 1192 748 editorum
1213 683 1349 749 sublatis

239 785 280 852 ad
302 785 472 872 pristinam
494 787 623 852 tandem
647 785 867 873 integritatem
888 787 1064 874 redigatur.
1109 795 1205 874 etque
1228 788 1291 852 hoo
1313 797 1350 854 ut

238 891 317 958 mihi
340 913 564 978 proponerem,
587 891 620 956 id
643 915 772 979 quoque
791 879 829 958 ln
852 917 950 960 causa
972 894 1042 974 fuit,
1066 892 1153 980 qnod
1174 892 1261 958 Han
1268 893 1350 987 rici

239 997 351 1062 Keili
373 996 589 1064 rectissimum
610 997 651 1062 de
667 996 788 1085 Apulei
809 999 973 1066 codicibus
988 997 1141 1065 iudicium
1157 997 1263 1063 adhuc
1279 1001 1347 1065 solo

240 1103 280 1168 ab
304 1100 456 1168 Ottone
478 1102 636 1186 Iahnio,
660 1103 846 1179 felicissimo
869 1105 998 1172 fabulae
1022 1104 1062 1170 de
1085 1103 1210 1190 Psyche¹
1234 1113 1266 1169 et
1284 1101 1348 1170 Ou-

240 1207 348 1295 pidine
378 1208 599 1288 emendatore,
630 1207 809 1275 adhibitum
837 1208 996 1277 videbam.
1034 1208 1161 1274 Keilius
1189 1209 1275 1274 enim
1296 1232 1348 1274 co-

241 1312 345 1378 dicem
374 1311 629 1380 Laurentianum
658 1313 809 1381 LXVIII
835 1315 856 1378 2
886 1316 1014 1382 saeculo
1045 1313 1218 1380 undecimo
1246 1314 1349 1380 literis

239 1417 496 1504 Langobardiois
519 1427 687 1485 exaratum
711 1421 921 1509 archetypum
940 1443 1011 1487 esse
1027 1419 1170 1486 omnium
1186 1420 1242 1507 qui
1256 1443 1347 1508 pras-

239 1533 327 1590 terea
346 1533 477 1594 ⁴extant
512 1526 817 1612 metamorphoseon
855 1527 1011 1592 librorum
1045 1525 1346 1612 manuscriptorum,

239 1629 492 1696 Laurentiannm
516 1640 623 1696 autem
647 1631 817 1697 XXVIIII
839 1633 860 1696 2
886 1631 1126 1698 accuratissime
1149 1653 1190 1694 ex
1212 1631 1267 1696 illo
1295 1654 1347 1697 co-

241 1735 313 1802 dice
343 1736 472 1802 saeculo
503 1736 694 1803 duodecimo
724 1736 920 1824 descriptum
949 1758 1020 1803 esse
1048 1735 1209 1801 intellexit
1237 1744 1271 1801 et
1298 1760 1348 1806 ar-

239 1841 402 1929 gumentis
432 1841 663 1908 demonstravit
686 1839 727 1908 'in
757 1843 913 1930 epimetro
940 1846 1210 1910 <observationibus
1232 1847 1350 1910 criticis

239 1953 271 2014 ia
296 1949 420 2012 Catonis
442 1955 472 2012 et
496 1951 645 2014 Varronis
667 1953 704 2014 de
725 1971 760 2014 re
782 1955 899 2014 rustica
922 1953 1032 2016 libros>
1056 1949 1099 2036 (a.
1123 1947 1220 2034 1849)
1238 1950 1347 2016 affixo.

238 2055 303 2118 iam
315 2075 404 2136 vero,
418 2069 614 2140 quamquam
625 2064 749 2122 certum
761 2055 916 2122 indicium
926 2056 1026 2136 deest,
1039 2056 1139 2120 libros
1148 2055 1347 2142 manuscrip-

238 2170 288 2228 tos
309 2169 493 2228 ceterorum
507 2158 627 2248 Apulei
651 2183 793 2248 operum,
818 2184 901 2248 quae
925 2160 1053 2228 codices
1075 2160 1122 2225 illi
1137 2160 1348 2226 Laurentiani

239 2266 405 2332 continent
428 2303 471 2314 -
495 2266 679 2353 apologiam
704 2267 776 2332 dico
799 2276 832 2333 et
848 2267 962 2333 florida
985 2305 1038 2349 -,
1063 2266 1105 2332 ad
1119 2289 1220 2332 unum
1236 2289 1347 2332 omnes

131 2431 134 2438 .
238 2395 280 2438 ex
309 2373 484 2459 archetypo
512 2371 568 2437 illo
597 2371 758 2438 derivatos
787 2394 874 2438 esse:
902 2382 1011 2438 tamen
1039 2381 1170 2461 propter
1197 2381 1344 2454 aetatem,

240 2499 304 2562 qua
339 2477 466 2544 codices
494 2476 674 2542 Florentini
709 2477 823 2543 ceteris
852 2476 972 2565 Apulei
1000 2477 1092 2543 libris
1119 2473 1347 2564 manuscriptis

238 2589 413 2668 praestant,
428 2582 497 2649 veri
513 2572 709 2648 simillimum
727 2592 784 2664 est,
801 2583 942 2650 maxime
957 2582 1000 2650 ad
1011 2583 1108 2650 fidem
1119 2583 1247 2650 illorum
1260 2583 1346 2649 codi-

238 2708 312 2752 cum
327 2687 588 2754 emendationem
599 2689 696 2754 etiam
708 2690 877 2777 apologiae
889 2699 922 2755 et
932 2689 1347 2760 floridorumrevocendam

239 2815 319 2858 esse
359 2791 467 2880 itaque
490 2793 530 2859 de
552 2794 602 2858 his
625 2794 717 2861 libris
731 2796 827 2877 valet,
852 2795 938 2882 quod
953 2795 993 2863 de
1009 2795 1233 2862 emendatione
1249 2795 1346 2861 libro·

238 2922 311 2964 rum
333 2898 635 2986 metamorphoseon
651 2899 815 2966 Keilius
833 2901 944 2968 statuit
958 2901 1008 2968 his
1024 2901 1149 2967 verbis:
1170 2903 1348 2965 <alicime

238 3008 300 3068 iam
329 3007 512 3087 reliqueram
540 3007 686 3070 librorum
709 3009 930 3090 discrepantia,
954 3029 1013 3090 poa
1041 3010 1190 3071 inutiliter
1216 3009 1348 3071 inventio

138 3118 140 3122 ’
238 3113 304 3176 seri
325 3111 488 3191 impeditur
510 3116 539 3174 ct
556 3113 689 3194 pennino
711 3115 867 3194 scriptura
881 3114 1027 3195 obruitur,
1052 3114 1211 3176 alicime
1226 3115 1349 3196 inquam

238 3220 298 3280 iata
323 3217 486 3280 acriorem
514 3218 739 3298 scripturaram
766 3220 858 3281 moles
873 3238 934 3300 par
955 3223 998 3280 tot
1017 3239 1166 3282 canoram
1186 3222 1287 3300 spatia
1311 3219 1348 3281 ab

238 3323 402 3386 editoribus
424 3327 545 3402 coeam,
569 3343 659 3405 qaam
681 3325 752 3387 radi
774 3329 805 3387 et
824 3325 917 3388 medii
932 3325 1027 3406 plena
1039 3324 1208 3406 surruptae
1231 3344 1347 3407 compo·

238 3432 302 3492 sart
320 3429 585 3494 thebrndiara.

329 3531 487 3600 Codicum
510 3533 772 3602 Florentiaorum
796 3534 894 3601 etiam
911 3533 1167 3602 Hildebrandius
1189 3533 1347 3600 rationem

238 3637 351 3704 habuit
384 3647 417 3704 et
451 3639 656 3706 collationem
690 3662 781 3706 suam
812 3638 931 3705 codicis
959 3639 1171 3706 Laurentiani
1198 3638 1348 3704 LXVIII

238 3745 259 3808 2
288 3744 339 3810 his
367 3744 518 3812 laudibus
541 3745 657 3815 exuriit
680 3746 799 3832 (praefi
816 3768 851 3828 p.
875 3747 945 3808 XII
948 3745 976 3827 ):
1006 3746 1147 3826 ‹fortaaa
1169 3748 1246 3809 satis
1267 3750 1348 3809 mira

238 3853 364 3934 aeddi,
395 3859 427 3916 at
452 3855 517 3917 aias
537 3855 652 3918 rodida
674 3855 793 3918 oottztio
814 3855 847 3916 ia
869 3855 1058 3932 eacerptaria
1078 3871 1185 3914 mnas
1211 3851 1349 3916 bodre-

238 3962 303 4037 tar,
332 3977 389 4038 pao
416 3975 500 4020 rento
528 3957 716 4038 dispensum,
746 3975 831 4021 nanzo
860 3958 1035 4020 accuratior
1063 3977 1127 4020 esse
1144 3963 1273 4040 poam:
1296 3957 1349 4023 cni

237 4059 470 4146 praedicationi
507 4060 719 4128 recentissimi
752 4059 907 4132 ‚editoris'
923 4059 1020 4124 fidem
1053 4062 1227 4148 abrogant,
1267 4084 1350 4149 quae

238 4163 405 4231 adnotavit
437 4175 608 4255 excerptor
641 4165 695 4232 ille
724 4164 986 4252 diligentissimus
1014 4175 1047 4232 et
1080 4169 1349 4252 accuratissimus,
