3226 5026
307 486 352 549 42
658 483 687 534 n.
706 480 830 537 arvum
839 479 1083 537 usnavnnnsrs
1595 513 1596 520 a

175 569 264 613 rmrru.
278 570 337 613 tiit
1344 573 1386 614 Ed.
1402 572 1510 616 oudend.
1595 623 1596 628 ,

328 657 397 702 cum
412 646 441 702 et
455 638 643 702 surculorum
658 645 688 701 et
701 638 869 719 lapillorum
882 638 967 718 quasi
982 639 1109 718 quiedam
1129 640 1297 704 solomone
1315 647 1437 704 naturae

329 742 365 804 dc
380 742 505 804 summis
520 741 671 804 montibus
686 740 717 802 in
732 724 814 802 mare
828 740 1012 810 transferatis
1035 748 1065 804 et
1084 741 1203 823 penitus
1222 743 1351 824 piscium
1361 761 1437 806 uen-

327 844 421 908 tribus
435 844 569 908 insuatis.
599 844 688 923 igitur
701 849 736 904 ut
749 842 862 904 solebat
876 829 917 909 ad*
927 861 1083 923 magorum
1103 844 1279 908 cerimonias
1299 846 1437 911 aduocari

326 947 487 1010 Mercurius
503 949 671 1008 animarum
685 951 787 1008 uector
807 951 836 1007 et
854 945 925 1008 illex·
939 947 1030 1011 animi
1044 947 1142 1010 Venus
1163 955 1193 1009 et
1206 949 1290 1012 Luna
1304 950 1436 1012 noenum

327 1050 446 1116 conscia
458 1055 488 1111 et
501 1049 634 1111 manium
648 1054 755 1130 potens
770 1046 883 1113 Triuia:
899 1048 985 1110 uobis
1000 1049 1169 1112 auctoribus
1184 1051 1309 1131 posthac
1322 1052 1435 1133 Neptu·
1456 1065 1471 1115 5

327 1169 384 1215 nus
405 1170 474 1214 cum
490 1150 601 1213 Salacia
620 1158 650 1214 et
667 1150 801 1213 Perbrno
822 1157 852 1212 ct
872 1151 954 1214 omni
975 1151 1067 1216 choro
1081 1153 1240 1216 Nereidum
1254 1153 1434 1232 abuentibus
1447 1171 1507 1227 (scs)

327 1256 472 1318 fleturum
487 1255 523 1317 ad
538 1259 637 1316 aestus
652 1271 790 1316 amorum
803 1253 1029 1316 transferentur.

209 1361 311 1416 xxxii
412 1357 486 1432 Dixi,
500 1374 555 1419 cur
567 1373 630 1419 nou
643 1355 767 1418 arbitrer
781 1355 937 1436 quicquam
951 1356 1060 1436 negotii
1071 1375 1137 1420 esse
1146 1358 1240 1438 magis
1252 1364 1282 1421 et
1295 1359 1434 1440 piscibus.

327 1477 415 1536 nunc,
431 1461 457 1522 si
470 1460 597 1534 uidetur,
612 1459 768 1526 credamus,
780 1457 951 1534 Aemiliano,
968 1459 1063 1522 solere
1077 1460 1172 1542 pisces
1188 1462 1276 1525 etiam
1286 1463 1327 1523 ad
1341 1463 1435 1544 magi-

327 1581 376 1626 cas
396 1569 556 1644 potestates
577 1561 725 1624 adiuuare.
764 1578 837 1624 num
857 1579 927 1642 ergo
948 1569 1105 1644 propterea
1127 1564 1304 1646 quicumque
1323 1565 1434 1646 piscem
1455 1577 1488 1628 ιο

328 1667 441 1747 quaerit
460 1673 490 1728 et
508 1667 571 1747 ipse
590 1683 695 1744 magus
716 1659 782 1725 cati
814 1683 849 1726 eo
871 1665 990 1744 qtudem
1004 1672 1090 1746 pacto
1109 1672 1139 1728 et
1158 1667 1209 1747 qui
1222 1685 1434 1748 myoparonem

327 1769 484 1848 quaesierit
497 1769 591 1850 pirata
606 1767 661 1829 erit
675 1772 705 1828 et
718 1765 768 1846 qui
788 1772 904 1828 nectem
924 1768 1077 1848 perfossor
1096 1774 1126 1830 et
1145 1769 1196 1849 qui
1215 1771 1344 1850 gladium
1359 1770 1434 1832 sica·

326 1870 397 1932 rius.
428 1871 500 1932 nihil
519 1870 551 1931 iu
568 1869 658 1931 rebus
679 1867 817 1931 omnibus
837 1875 899 1934 tam
918 1871 1072 1934 innoxium
1092 1871 1181 1946 dces,
1202 1872 1274 1952 quin
1291 1872 1321 1935 id
1339 1873 1434 1954 possit

326 1972 435 2053 aliquid
448 1973 544 2053 aliqua
555 1971 669 2045 obesse,
690 1966 694 2054 l
713 1987 768 2032 nec
781 1977 842 2032 tam
853 1971 972 2048 laetum,
989 1974 1060 2052 quin
1070 1975 1165 2054 possit
1175 1974 1212 2036 ad
1223 1974 1434 2038 tristitudinem

325 2074 461 2154 intellegi.
491 2092 546 2136 nec
559 2080 660 2135 emen
675 2073 774 2136 omnia
788 2074 897 2137 idcirco
918 2076 955 2137 ad
973 2077 1147 2156 nequiorem
1162 2076 1358 2158 suspitionem
1372 2083 1433 2139 tra-
1454 2091 1488 2144 15

324 2178 445 2252 nunmr,
460 2184 495 2241 ut
508 2177 534 2239 si
548 2182 597 2240 tus
612 2183 641 2238 et
655 2177 764 2240 cauam
778 2183 808 2238 et
821 2179 972 2260 myrrham
987 2185 1159 2260 ceterosque
1173 2181 1203 2242 id
1217 2197 1312 2261 genus
1325 2180 1433 2244 odores

324 2281 421 2344 funeri
434 2287 551 2342 tantum
566 2285 683 2360 emptos
699 2279 857 2354 arbitreris,
878 2299 948 2344 cum
967 2289 997 2344 ct
1011 2283 1224 2345 medicamento
1245 2289 1386 2366 parentur·
1404 2290 1433 2346 et

324 2384 475 2446 sacrificio.
511 2389 642 2446 ceterum
662 2383 767 2444 ecdem
789 2382 914 2464 piscium
935 2391 1109 2465 argumento
1130 2386 1219 2448 etiam
1238 2387 1359 2449 Menelai
1379 2406 1430 2448 so·
1445 2411 1506 2464 (rso)
1594 2413 1596 2502 1

324 2487 385 2548 cios
400 2485 516 2567 putabis
530 2503 634 2566 magos
647 2485 749 2561 fuisse,
767 2504 842 2565 quos
857 2487 997 2567 aitpoeta
1011 2489 1186 2570 praecipuus
1206 2489 1287 2551 flexis
1305 2489 1432 2554 hamulis

324 2588 402 2668 apud
417 2587 547 2649 Pharum
557 2588 684 2650 insulam
698 2587 808 2650 famem
822 2589 1028 2669 propulsasse3
1043 2591 1131 2652 etiam
1145 2609 1264 2670 mergos
1278 2597 1308 2652 et
1319 2592 1432 2673 delphi·
1453 2607 1488 2658 20

324 2704 380 2749 nos
395 2694 424 2748 et
439 2689 533 2750 scillas
546 2696 580 2751 tu
595 2689 699 2750 eodem
714 2691 834 2764 referes,
851 2689 939 2752 etiam
953 2693 1077 2771 gulones
1092 2711 1206 2769 omnes,
1222 2693 1272 2774 qui
1282 2693 1431 2773 impendio

324 2807 341 2850 a
355 2789 549 2869 piscatoribus
564 2796 748 2872 mergrmtur,
764 2783 852 2853 etiam
866 2792 948 2873 ipsos
962 2794 1133 2875 piscatores,
1154 2797 1205 2876 qui
1225 2796 1360 2858 omnium
1381 2815 1432 2876 ge-

324 2908 429 2955 nerum
444 2891 532 2973 piscis
547 2899 609 2958 aute
620 2895 786 2975 adquirunt.
814 2899 877 2958 ‘cur
887 2913 956 2976 ergo
967 2903 1001 2960 tu
1012 2896 1167 2977 quaerisi’
1182 2899 1252 2962 nolo
1267 2898 1403 2977 equidem
1418 2897 1431 2984 ΙΙ
1446 2923 1508 2976 (cro)

326 3153 358 3201 19
378 3150 424 3204 Od.
444 3147 458 3201 δ
477 3154 536 3206 368.

389 3357 539 3426 2pcenitus
554 3373 581 3412 r:
604 3359 696 3426 penitis
715 3357 859 3415 Salmasius
891 3357 902 3430 l
933 3351 1109 3416 deeimarum
1128 3357 1273 3421 Amnum:
1296 3364 1432 3422 connum

322 3438 396 3509 Fpr:
409 3440 517 3492 menium
527 3437 662 3510 Scioppius
677 3437 693 3515 ‘l
720 3448 842 3495 euocetur
858 3441 1002 3508 Acidcbur,
1023 3443 1142 3530 inuentor
1153 3443 1320 3513 Stercecbc'us,
1341 3454 1432 3500 auctor

323 3570 466 3626 Groslotius
489 3570 500 3641 ss
525 3573 540 3624 6
552 3520 644 3639 nerei1ss
658 3574 688 3638 li¹
702 3571 714 3646 ΙΙ
737 3577 753 3628 8
765 3577 864 3640 negocii
875 3566 920 3646 vll
938 3577 969 3628 10
981 3577 1075 3645 piscem
1088 3595 1138 3632 cm.
1150 3577 1174 3633 V
1189 3577 1201 3650 fl
1218 3580 1246 3631 11
1261 3593 1431 3648 myoparones

313 3670 344 3724 Ιφ
365 3651 379 3722 ll
403 3653 434 3706 12
446 3661 539 3722 pyrata
551 3653 597 3723 up
619 3654 630 3724 l
652 3657 684 3707 13
696 3657 807 3728 nicbilp
837 3655 847 3726 ΙΙ
876 3658 1250 3727 14o1icuia1iquaVatcantcs
1274 3659 1284 3730 ΙΙ
1309 3662 1431 3714 lbintel-

320 3737 365 3801 ligi
376 3736 440 3806 Fcpv
466 3735 471 3804 1
498 3735 590 3787 iccirco
604 3738 715 3791 omniav
745 3736 750 3806 Ι
776 3737 918 3806 sequiorem
930 3740 1074 3808 Brcntc'usl
1101 3743 1268 3809 suspicionem
1279 3743 1343 3813 Fopr
1366 3742 1377 3812 p
1398 3745 1430 3796 16

319 3819 431 3898 tbusrpu
457 3817 462 3885 Ι
488 3833 600 3886 myrram
611 3818 657 3889 up
684 3818 690 3888 Ι
717 3827 912 3922 caeterosqucv
942 3818 947 3888 Ι
978 3821 1009 3889 ed
1022 3837 1137 3894 genusrp
1169 3821 1180 3892 fl
1214 3825 1245 3876 17
1259 3831 1356 3892 emptos
1370 3825 1430 3877 rar

216 3985 217 3988 η
318 3968 401 4021 supra
415 3967 466 4005 aar.
483 3968 640 4023 ammupr.
667 3955 673 4024 Ι
698 3913 877 4024 ραῗάιινΡΙ
902 3957 934 4009 18
946 3956 1125 4026 caeterumvll
1153 3959 1187 4010 20
1203 3967 1264 4026 aput
1283 3960 1304 4012 ll
1323 3959 1328 4027 Ι
1348 3959 1430 4011 larun

319 4048 360 4102 φν
385 4032 396 4099 l
426 4035 573 4101 propulsum
584 4035 636 4087 isse
649 4033 750 4087 Gcleim
776 4033 781 4102 l
807 4036 915 4088 deltlnos
932 4037 977 4108 Εφ
1009 4037 1020 4106 i
1049 4037 1080 4089 21
1100 4039 1312 4110 seillasscstprc':
1332 4041 1430 4093 millam

321 4113 374 4182 Frp,
388 4113 484 4182 scyllis
496 4116 532 4169 V:
545 4116 651 4182 squillas
664 4116 692 4169 V
692 4115 809 4171 onmem
824 4114 829 4184 Ι
843 4118 972 4182 gluttones
986 4119 1086 4172 Gabba
1101 4119 1107 4188 Ι
1132 4122 1212 4174 omnis
1224 4139 1267 4194 «pv
1288 4122 1294 4191 Ι
1314 4123 1429 4189 inpendio

318 4246 401 4312 pisces
418 4263 433 4302 a
452 4247 515 4315 pise.
532 4248 556 4302 V
579 4245 590 4316 ll
617 4251 651 4302 22
667 4258 835 4310 mercmtnrc
860 4251 865 4320 Ι
884 4253 1001 4317 omnium
1014 4201 1212 4310 mumma}
1235 4256 1247 4326 Ι
1269 4214 1430 4325 rapterius

317 4316 838 4398 lacquirumpsanqurmsccocum
865 4333 869 4400 Ι
894 4333 1270 4406 emimmrrlettuvl
