3232 5028
169 515 173 520 Δ
699 429 869 487 suonoun
1096 464 1099 470 .
1290 434 1331 500 aa

157 521 199 562 lid.
216 519 319 562 Oudend.
1312 518 1393 562 Cillis.
1409 518 1482 564 ωδε.

224 587 314 663 audit,
336 589 373 650 ob
394 587 519 650 deorum
544 591 759 667 contemptum,
779 585 953 649 Mezentius·
985 585 1264 666 quapropteriaoile
1284 585 1332 648 in·
1366 590 1371 598 “

223 691 443 771 tellego,i1asce
457 690 483 751 ei
497 695 542 751 tot
556 688 708 751 initiorum
719 687 956 750 enumerationes
967 701 1061 768 nugas
1073 687 1176 762 uideri,
1192 694 1221 748 et
1230 688 1332 750 forsan

223 810 262 855 ne
277 793 315 855 oh
330 795 407 856 hanc
426 791 517 854 diuini
536 791 751 853 contumaciam
771 807 834 853 non
851 789 971 852 inducat
990 790 1123 852 animum
1142 797 1249 852 uerum
1267 807 1334 854 esse

154 913 211 967 (sao)
226 895 305 974 quod
320 895 389 969 dixi,
404 911 452 956 me
467 879 650 954 sanctissime
664 898 709 953 tot
723 909 876 954 sacrorum
887 891 969 972 signa
979 898 1008 953 et
1018 893 1217 954 memoracula
1231 898 1333 954 custo-

189 1011 203 1061 e
225 997 296 1058 dire.
326 997 376 1059 sed
393 1014 457 1075 ego,
474 995 542 1075 quid
558 995 595 1056 de
606 1011 654 1056 me
668 995 829 1056 Mezentius
844 993 959 1067 sentiat,
974 1011 1096 1055 manum
1106 993 1331 1058 nonucrterim.

224 1099 328 1160 ceteris
350 1105 448 1160 autem
467 1097 629 1158 clarissima
648 1113 722 1158 uoce
742 1096 897 1176 meilleur:
919 1095 944 1156 si
963 1095 1013 1176 qui
1032 1095 1111 1158 forte
1125 1095 1208 1157 adest
1221 1111 1332 1184 eorun-

226 1195 296 1262 dem
309 1199 488 1261 solemnium
503 1196 575 1259 mihi
595 1197 750 1278 particeps,
772 1197 889 1278 signum
909 1197 988 1272 dato,
1011 1203 1040 1258 et
1061 1197 1161 1259 audias
1176 1197 1243 1258 licet
1258 1213 1333 1276 quae

224 1311 278 1382 ego
299 1301 464 1363 adseruem.
505 1319 573 1363 uam
593 1299 730 1379 equidem
749 1301 830 1362 nullo
851 1317 983 1379 unquam
1006 1298 1137 1380 periculo
1161 1301 1330 1381 compellar,

223 1420 296 1482 quae
311 1403 459 1465 reticenda
473 1402 580 1483 accepi,
595 1403 667 1463 haee
681 1402 716 1463 ad
732 1403 873 1482 profanos
889 1401 1049 1464 enuntiare.

170 1519 201 1570 10
305 1504 343 1566 Vt
356 1511 440 1585 puto,
454 1504 588 1579 llamme,
609 1503 679 1565 satis
694 1502 798 1565 uideor
815 1503 909 1564 cuiuis
929 1503 977 1564 uel
997 1503 1183 1583 iniquissima
1199 1502 1330 1566 animum
1348 1510 1414 1565 Lvll

151 1621 209 1676 (aar)
225 1593 365 1686 explesse,
381 1612 410 1667 et
425 1607 504 1686 quod
520 1605 723 1667 adsudarium
736 1605 888 1684 pertineat,
905 1620 1025 1665 omnem
1040 1604 1170 1666 oriminis
1183 1605 1330 1667 maculam

223 1691 388 1782 detersisse,
404 1725 437 1769 ac
450 1707 531 1770 hono
546 1707 605 1769 iam
620 1706 750 1788 periculo
767 1707 802 1768 ad
816 1703 1107 1769 testimonium'illud
1122 1706 1229 1781 Crassi,
1251 1705 1330 1787 quod

223 1817 292 1889 post
315 1810 370 1871 ista
392 1809 474 1889 quasi
498 1803 707 1889 grauissimum
725 1809 867 1889 legerunt,
888 1825 906 1868 a
925 1804 1158 1891 sullspitionilrus
1177 1808 1332 1875 Aemiliani·

220 1918 456 1974 transcensurus.
477 1911 681 1972 testimouium
696 1929 732 1972 ex
745 1910 842 1972 libello
857 1909 912 1990 legi
927 1909 1033 1970 audisti
1046 1911 1163 1990 gumiae
1176 1909 1329 1972 cuiusdam

169 2023 201 2074 15
222 2020 250 2074 et
265 2013 410 2092 desperati
425 2013 555 2074 lurconis
570 2012 634 2074 luni
649 2013 755 2086 Crassi,
776 2031 824 2074 me
844 2013 875 2074 iu
893 2011 956 2073 eius
977 2011 1066 2074 domo
1088 2018 1233 2074 nocuum
1248 2027 1328 2074 sacra

221 2133 289 2178 cum
305 2115 403 2196 *Appio
425 2106 583 2188 Quintiano
609 2115 703 2175 amico
725 2131 792 2176 meo
814 2114 971 2186 factitasse,
997 2114 1047 2192 qui
1067 2113 1107 2174 ihi
1127 2113 1261 2175 mercede
1276 2113 1328 2174 de-

220 2216 401 2279 uersabatur.
432 2211 437 2297 Ι
467 2215 554 2295 idque
574 2234 606 2278 se
625 2216 666 2278 ait
691 2215 828 2290 Crassus,
855 2231 1033 2296 quamquam
1059 2232 1094 2276 eo
1120 2221 1255 2294 tempore
1279 2214 1327 2275 uel
1340 2234 1414 2276 exos.

221 2319 416 2381 Alexandreae
430 2317 528 2393 fuerit,
542 2326 643 2381 tamen
652 2318 753 2380 taedae
766 2318 850 2379 fumo
862 2323 891 2377 et
905 2316 1006 2378 auium
1016 2315 1127 2396 plumis
1137 2315 1326 2396 comperisse.

221 2422 330 2483 scilicet
347 2422 433 2500 [eum]
450 2437 519 2482 cum
529 2421 725 2484 Alexandreae
737 2419 885 2500 symposia
900 2419 994 2481 obiret
1004 2449 1047 2464 ·-·
1058 2426 1103 2480 est
1113 2418 1192 2480 enim
1205 2417 1327 2480 Crassus

168 2537 201 2590 20
220 2523 397 2604 isquirion
411 2523 522 2585 inuitus
537 2524 574 2585 de
592 2524 638 2585 die
652 2524 682 2586 in
703 2539 808 2602 ganeas
829 2527 968 2603 conrepat
985 2553 1043 2595 -,
1064 2520 1095 2582 in
1113 2519 1164 2582 illo
1183 2519 1326 2600 cauponis

150 2649 209 2703 (aas)
224 2619 329 2688 nidore
347 2624 452 2706 pinnas
472 2625 510 2686 de
524 2625 677 2706 penatibus
698 2625 759 2687 suis
775 2625 911 2688 aduectas
926 2629 1112 2706 aucupatum,
1138 2621 1256 2684 fumum
1271 2619 1327 2683 do*

220 2745 288 2791 mus
304 2723 377 2792 ‘suas
393 2726 549 2808 agnouisse
569 2727 664 2809 patrio
684 2727 811 2792 culmine
826 2728 913 2808 longe
927 2732 1071 2792 exortum.
1094 2742 1183 2806 quem
1198 2723 1223 2786 si
1235 2722 1327 2786 oculis

206 2995 209 3000 '
245 2988 256 3036 l
278 2983 355 3049 Verg.
375 2985 439 3038 Aen.
457 2983 506 3034 Vll
520 2966 574 3034 '647
584 3003 590 3034 r
609 2985 708 3036 Primus
725 2985 771 3035 init
788 2985 880 3036 bellum
897 2982 1032 3066 Tyrrhenis
1056 2993 1128 3046 asper
1149 2978 1181 3029 ab
1199 2979 1249 3028 oris
1269 2975 1275 3043 Ι

274 3075 432 3135 contemptor
449 3068 532 3120 diuam
550 3066 687 3120 Mezentius
705 3067 855 3136 agminaque
872 3071 960 3119 armat.

240 3245 242 3248 Ι
289 3277 300 3328 1
316 3276 387 3328 audit
398 3279 429 3328 ol
441 3275 461 3328 F
473 3277 500 3326 a'a
512 3291 607 3329 rasura
625 3223 664 3343 Ιὶιι
674 3272 802 3327 ansulis
815 3273 850 3338 (in
861 3273 981 3339 margins
995 3283 1102 3323 amma
1111 3283 1153 3338 pr.
1165 3281 1216 3320 sor.
1228 3267 1325 3332 mozon)

219 3356 228 3424 ll
250 3357 266 3408 2
278 3358 394 3421 intelligo
404 3357 467 3426 Ftpv
478 3353 490 3426 ΙΙ
501 3358 517 3409 2
527 3359 577 3410 sl3
589 3355 644 3408 fors
655 3354 710 3408 inat
722 3369 753 3406 ne
764 3353 888 3420 Scaliger,
905 3352 960 3405 lars
975 3351 1030 3405 inat
1045 3359 1074 3404 ut
1090 3349 1256 3402 Casaaooaas
1276 3346 1287 3416 Ι
1311 3349 1326 3400 ³

220 3439 306 3504 diuini]
320 3440 394 3490 deum
405 3437 549 3491 Salmasius
575 3436 580 3505 Ι
608 3436 714 3488 oblano
731 3436 815 3487 diuum
832 3433 1040 3487 contemnentium
1058 3431 1159 3484 satana
1190 3427 1194 3496 Ι
1224 3429 1326 3480 inducat

220 3521 245 3570 in
257 3519 364 3572 animuin
377 3520 407 3584 ll,
420 3520 510 3572 indta
522 3518 630 3572 animum
643 3534 675 3586 φ,
698 3517 747 3568 ind.
762 3515 904 3569 aninumV
936 3510 946 3582 ῘΙ
979 3513 1145 3566 imeterisv
1172 3508 1182 3579 ΙΙ
1211 3508 1326 3562 ‘laudias

197 3603 416 3672 ιΙέφμιιιᾱὶειΐν
438 3603 450 3672 fl
474 3587 644 3670 §prophanas
657 3600 719 3671 sav
746 3601 750 3668 Ι
781 3600 946 3651 enunciarsv
972 3596 983 3666 ll
1015 3598 1047 3648 1³
1063 3594 1247 3662 suspicionibus
1264 3593 1327 3661 sav

221 3682 231 3751 l
255 3686 287 3736 14
298 3686 424 3755 guandeca
448 3683 458 3753 ll
483 3683 617 3738 iiluniiv
640 3681 651 3752 11
675 3683 707 3735 16
720 3676 1142 3752 Quintilianovldiuerssbatnrv
1165 3673 1175 3742 ΙΙ
1200 3675 1231 3728 17
1248 3689 1326 3741 qnan-

220 3779 292 3832 qnam
309 3781 326 3816 v
358 3763 362 3832 Ι
389 3764 616 3833 ineotemporcV
643 3759 656 3831 Ι
683 3757 1163 3829 18Α1οκιυάτο9Ρφ,ΑΙοιαιιᾶτίαον
1191 3757 1196 3822 Ι
1221 3755 1326 3807 scaeda

220 3852 247 3896 et
258 3844 326 3897 inmo
339 3862 363 3904 e:
376 3861 390 3896 e
402 3846 494 3898 taedeo
503 3845 572 3898 inmo
585 3843 738 3907 Salmasius,
751 3857 766 3893 a
777 3843 862 3895 cinere
875 3848 901 3892 ot
913 3839 979 3891 inmo
993 3838 1032 3891 W
1031 3853 1139 3901 ewam,
1151 3837 1272 3887 taedaceo
1285 3833 1326 3886 iu-

142 3933 147 3940 '
219 3940 259 3976 nro
274 3925 479 3994 Oudendorpius,
492 3940 508 3977 s
519 3926 609 3978 medae
622 3925 689 3978 inmo
702 3923 895 3976 Hildelrandius
917 3917 927 3989 ll
952 3919 984 3970 19
1000 3919 1066 3970 seire
1083 3917 1144 3968 licet
1161 3916 1327 3968 Camadanus

217 4004 222 4072 Ι
236 4021 292 4058 enm
304 4006 352 4058 dal.
366 4005 471 4059 lodoico
486 4007 490 4073 Ι
506 4005 668 4072 Alexandrea
680 4005 734 4076 Fae,
746 4003 918 4057 Alexandriae
929 4015 947 4052 v
966 3998 977 4069 ΙΙ
997 4001 1030 4052 20
1042 3999 1063 4050 is
1074 3998 1189 4050 Iahnius:
1202 3997 1251 4048 iste
1263 3996 1327 4066 Fopv

218 4083 222 4152 Ι
237 4095 369 4152 ,οοιτοραι
380 4102 422 4154 (pv
448 4084 453 4155 Ι
485 4088 607 4154 cauponis
619 4085 774 4138 Seriverius:
790 4085 909 4152 cauponis
923 4082 997 4152 Spu:
1015 4095 1143 4147 cauponae
1158 4079 1198 4130 eal
1212 4077 1327 4144 cauponii

218 4166 341 4218 Broeatias
364 4166 374 4235 l
397 4167 426 4220 21
447 4176 614 4236 anmantuus
627 4168 657 4232 F,
674 4173 875 4234 aucupantsmap
892 4165 930 4227 lsi
942 4163 1132 4226 Cassiodorius),
1148 4167 1299 4225 aucupatum
1310 4172 1328 4209 v

219 4244 229 4313 l
252 4246 480 4312 assignasses
504 4247 514 4318 Ι
1122 4309 1156 4360 ὅ*
