3232 5028
303 439 345 500 aa
643 423 814 482 curvum
825 421 1063 478 maurannus

156 530 172 570 l.
182 528 241 570 itta
256 525 273 565 l·
281 523 328 564 12⁸·
1324 509 1367 553 ld·
1382 509 1494 556 Oudend.

308 604 395 671 saepe
413 587 483 651 alias
503 584 605 650 miultis
623 576 849 664 praesentibus?
871 577 952 660 quod
971 577 998 640 si
1011 592 1153 657 maguum
1172 583 1310 658 putarem
1325 577 1417 664 eadu-

308 708 377 752 cum
403 690 531 764 deicere,
553 685 624 768 quid
638 703 715 766 opus
729 683 860 746 carmine
873 681 944 756 luit,
959 699 1028 742 cum
1047 679 1186 740 incensus
1200 687 1317 759 gagates
1331 681 1416 760 lapis,
1431 699 1494 752 (soa)

309 800 343 856 ut
367 791 445 874 apud
470 791 608 873 physicos
634 788 715 867 lego,
742 785 864 866 pulchre
890 790 919 846 et
942 782 1026 846 facile
1047 783 1129 844 huuc
1149 781 1289 844 morbum
1315 784 1418 863 explo-

307 901 362 968 ret,
387 894 471 956 cuius
498 894 591 955 odore
616 888 704 955 etism
728 888 760 948 in
777 885 934 950 uenaliciis
963 885 1053 964 uulgo
1085 883 1247 950 sancum
1260 890 1310 946 aut
1334 901 1418 949 mor-

307 993 381 1058 hum
411 994 560 1058 uenalium
592 985 801 1071 experiantur?
833 987 922 1049 etiam
949 987 1029 1050 orhis
1060 1006 1077 1048 a
1106 988 1196 1067 figulo
1222 989 1454 1054 circumactust

308 1111 371 1158 non
395 1095 512 1156 difficile
536 1092 669 1155 eiusdem
699 1090 876 1154 ualetudinis
895 1089 1049 1152 hominem
1075 1085 1088 1173 ΙΙ
1114 1089 1258 1169 uertigine
1282 1090 1329 1164 sui
1350 1109 1418 1154 cor·

308 1195 387 1277 ripit.
423 1196 463 1257 ita
482 1195 683 1276 spectaculum
708 1193 862 1256 rotationis
886 1192 949 1254 eius
969 1193 1102 1254 animum
1124 1193 1257 1254 mucium
1279 1191 1417 1267 debilitat,

309 1316 343 1362 ac
357 1299 451 1359 multo
466 1301 533 1379 plus
549 1297 585 1360 ad
600 1296 726 1359 caducos
738 1293 971 1358 consternendos
986 1295 1093 1375 figulus
1107 1295 1186 1358 ualet
1199 1313 1290 1374 guam
1303 1311 1416 1374 magus.

308 1406 342 1462 tu
360 1398 471 1462 frustra
491 1398 657 1481 postulasti,
674 1404 708 1459 ut
722 1415 826 1460 seruos
842 1396 1024 1458 exhiberem:
1044 1416 1098 1476 ego
1113 1415 1176 1458 non
1191 1396 1228 1458 de
1248 1396 1341 1458 nihilo
1360 1416 1417 1478 po·

287 1501 399 1576 -strdo,
424 1509 459 1564 ut
477 1501 625 1574 nomines,
652 1499 772 1580 qrunam
790 1505 882 1560 testes
901 1499 971 1562 huic
989 1499 1129 1580 piaculari
1155 1517 1239 1560 sacro
1260 1498 1415 1574 adfuerint,
1440 1507 1473 1560 to

308 1621 378 1668 cum
393 1622 447 1683 ego
467 1610 605 1668 ruentem
625 1602 761 1664 Thallum
781 1600 973 1680 impellerem.
1009 1619 1105 1664 unum
1132 1599 1255 1663 omnino
1280 1599 1417 1664 nominas

309 1706 468 1785 puerulum
482 1705 565 1768 illum
582 1703 725 1766 Sicinium
737 1703 912 1777 Pudentem,
934 1702 1018 1764 cuius
1033 1721 1081 1764 mc
1095 1702 1217 1764 nomine
1232 1719 1363 1764 accusas.
1392 1702 1417 1768 is

310 1807 389 1868 enim
403 1806 533 1868 adfuisse
548 1825 580 1868 se
595 1806 678 1868 dicit:
694 1804 778 1866 cuius
793 1803 918 1884 pueritia
931 1804 987 1866 etsi
1000 1804 1074 1866 nihil
1088 1803 1124 1866 ad
1139 1803 1310 1883 religionem
1324 1803 1418 1866 refra-

310 1913 438 1986 garetur‚
457 1914 557 1969 tamen
571 1906 752 1969 accusationi
764 1905 853 1967 fidem
868 1905 998 1985 deroget.
1023 1905 1137 1968 cetius
1151 1905 1223 1978 fuit,
1247 1904 1417 1979 Aemiliane,

309 2025 347 2096 ue¹
357 2009 452 2090 multo
467 2008 596 2088 grauius,
619 2014 677 2069 tete
697 2015 732 2069 ut
744 2007 844 2088 ipsum
859 2007 970 2070 diceres
985 2007 1153 2070 interfuisse
1172 2013 1201 2074 ct
1221 2025 1257 2068 ex
1276 2026 1311 2069 co
1327 2025 1416 2076 ‘sacro
1431 1991 1491 2113 (ΙΙΙ)

309 2110 443 2191 coepisse
462 2110 626 2172 dementire·
642 2109 751 2190 potius,
773 2127 862 2188 quam
881 2117 979 2172 totum
998 2109 1151 2190 negotium
1170 2108 1254 2189 quasi
1273 2109 1419 2174 ludicrum

221 2249 237 2289 s,
247 2248 294 2289 m,
309 2211 409 2294 pueris
424 2211 560 2276 donares.
589 2231 664 2293 puer
677 2211 790 2286 cecidit,
804 2230 879 2293 puer
892 2212 980 2275 uidit:
1006 2231 1081 2278 num
1095 2212 1183 2276 etiam
1196 2231 1272 2292 puer
1290 2211 1296 2296 Ι
1314 2211 1418 2294 aliquis

309 2311 491 2380 incantauit?

159 2422 302 2497 xgggdg
321 2398 326 2406 “
394 2418 449 2480 llic
463 2387 533 2480 sati‘s
548 2417 724 2480 ueteratorie
735 2416 906 2479 Tannonius
917 2417 1036 2480 Pudens
1051 2434 1121 2479 cum
1134 2418 1192 2481 hoc
1204 2438 1321 2501 quoquc
1332 2437 1418 2483 men·

310 2518 427 2582 dacium
440 2519 595 2598 frigoreae
609 2537 704 2600 prope
715 2519 776 2580 iam
790 2519 925 2582 omnium
939 2521 1026 2582 uultu
1040 2526 1069 2582 et
1088 2538 1244 2584 murmure
1263 2524 1418 2604 explosum
1439 2542 1472 2593 20

310 2620 432 2694 uideret,
453 2625 486 2681 ut
506 2621 556 2682 uel
575 2620 754 2699 suspitiones
774 2621 962 2699 quorundam
982 2640 1034 2700 spe
1053 2629 1229 2697 moraretur,
1250 2625 1291 2686 ait
1309 2643 1418 2706 pucros

311 2721 384 2782 alios
398 2720 623 2800 procinctuum,
638 2722 689 2801 qui
703 2722 762 2784 sint
776 2741 868 2801 aeque
882 2723 1122 2798 antelucanae,
1137 2733 1224 2805 atque
1235 2726 1275 2788 ita
1285 2727 1322 2790 ad
1333 2727 1419 2791 auam

312 2821 441 2904 speciem
454 2823 620 2905 argumenti
630 2830 832 2902 transgressus
846 2831 900 2888 est.
935 2828 1015 2907 quod
1037 2845 1217 2907 quamquam
1236 2829 1420 2894 dissimulare

311 2924 404 3005 potui,
419 2929 520 2989 lemen
533 2931 568 2990 ut
581 2925 691 2999 omnia,
706 2924 747 2988 ita
760 2927 818 2990 hoc
833 2945 951 3008 quoque
963 2929 1043 2992 ultro
1058 2946 1202 3010 prouoco.
1236 2932 1324 3014 cupio
1340 2931 1419 2994 euim

330 3187 345 3234 a
364 3185 428 3236 mn.
447 3191 498 3237 nac.
517 3186 575 3240 atat.
593 3185 705 3237 xxxvr
725 3188 766 3250 19,
787 3158 849 3237 l42:
869 3157 988 3253 (gigans
1000 3185 1078 3255 upa)
1096 3190 1225 3256 autenm
1242 3191 1365 3241 sonutam

363 3271 478 3321 morbum
496 3276 521 3322 et
538 3271 706 3336 ulrginitatcm
724 3272 828 3326 rasurus.

379 3523 504 3631 inagnum
516 3583 550 3635 cp:
568 3569 691 3632 magicum
706 3567 853 3622 Scriverius
868 3568 879 3639 Ι
906 3571 922 3622 2
937 3570 1037 3626 deicere
1048 3587 1081 3640 φ,
1093 3573 1202 3626 deiicere
1216 3573 1256 3626 Fr
1273 3569 1283 3640 Ι
1307 3572 1323 3624 3
1338 3571 1416 3641 phiai-

311 3662 356 3699 cos
367 3647 412 3716 Fcp
433 3647 443 3716 ΙΙ
466 3649 669 3703 dualitudinisv
693 3649 697 3718 Ι
717 3651 831 3718 corripit]
845 3652 962 3715 coarguit
974 3651 1013 3704 W
1012 3667 1113 3705 omerus
1130 3651 1140 3722 ΙΙ
1168 3653 1324 3724 linichilcp
1345 3654 1360 3724 Ι
1387 3655 1418 3706 ld

332 3728 344 3768 l

237 3828 241 3832 .
309 3780 471 3852 adfuerintp
494 3780 505 3850 Ι
530 3784 561 3835 13
574 3783 676 3837 affuisse
688 3785 752 3856 For
766 3785 770 3852 Ι
786 3785 862 3837 nichil
871 3803 905 3855 ap:
918 3787 978 3838 mihi
990 3792 1198 3856 [magarmmaus
1217 3786 1223 3856 Ι
1243 3789 1372 3853 regionem
1384 3787 1417 3842 il:

309 3863 438 3916 libidinem
454 3863 630 3932 Caesulenus,
646 3866 799 3918 delationem
813 3865 853 3919 W
852 3883 952 3922 oscam
976 3867 981 3934 Ι
1005 3885 1033 3919 ac
1046 3868 1191 3934 lragaretnr
1206 3873 1233 3922 ira
1247 3870 1268 3922 lt*
1282 3870 1330 3922 del.
1348 3875 1376 3922 at
1389 3874 1418 3922 ia

308 3947 429 4009 margrinc
439 3962 456 3996 a
471 3962 549 3999 manu
566 3963 607 4016 pr.
618 3962 669 4000 scr.
686 3945 841 4012 irrigaretur,
851 3947 1035 4013 suffragaretur
1047 3967 1064 4000 v
1076 3949 1086 4019 Ι
1106 3952 1137 4003 14
1149 3952 1305 4004 accusationi
1314 3955 1416 4022 scripsi:

310 4025 438 4076 accusatio
451 4026 513 4094 Fapv
528 4025 533 4096 Ι
548 4029 685 4092 derogaret
695 4046 713 4082 v
725 4027 735 4097 Ι
753 4030 784 4081 16
797 4029 910 4096 caepisse
923 4030 1056 4083 dementini
1067 4048 1084 4083 v
1096 4029 1107 4100 Ι
1126 4034 1156 4085 l'l
1169 4034 1264 4086 donare
1276 4033 1400 4086 murm
1414 4030 1419 4100 Ι

309 4153 401 4223 aliquia
412 4175 438 4226 v,
450 4162 503 4227 alig
515 4160 544 4227 F,
556 4161 686 4233 aliquidp
708 4161 719 4232 Ι
749 4163 780 4226 19
792 4167 994 4226 ueteratoriacr
1024 4167 1030 4236 Ι
1055 4167 1245 4238 Tamncnimrp
1268 4165 1280 4236 Ι
1303 4125 1417 4221 20mutr·

309 4238 411 4292 nauroF
440 4239 450 4310 Ι
478 4243 508 4293 21
526 4243 683 4310 suspiciones
700 4244 762 4312 rpv
784 4243 795 4314 Ι
819 4247 852 4298 22
865 4262 972 4315 cquacv
995 4245 1006 4316 Ι
