3232 5028
595 447 598 452 ¹
693 379 865 441 monodia
1289 394 1330 458 gp

146 467 317 515 mesene-
1301 476 1475 527 cremerae.

217 542 279 600 tem
293 535 472 607 derelictam.
501 536 585 604 uenit
601 536 691 620 igitur
711 537 748 614 ad
767 556 837 605 eum
855 556 937 620 noue
957 548 1051 624 nupta
1067 559 1172 609 secure
1190 550 1221 612 et
1232 544 1327 610 intre·

217 638 295 720 pida,
310 638 425 719 pudore
436 638 602 720 dispoliato,
617 638 690 702 flore
703 639 828 716 exoleto,
844 643 981 714 flammeo
993 643 1138 722 obsoleto,
1157 646 1242 726 erirgo
1256 663 1325 712 rur·

216 759 285 808 sum
305 747 375 823 post
393 757 497 806 recens
516 741 673 822 repudium
691 759 804 806 nornen
828 743 929 824 potius
947 745 1084 813 adferens
1103 749 1218 828 puellae
1237 766 1326 829 quam

216 841 424 924 integritatem.
453 843 625 910 uectabatur
635 843 807 924 octaphoro.
837 845 953 913 uidistis
966 848 1100 928 proiecto
1116 849 1166 930 qui
1181 849 1325 926 adfuistis,

181 957 309 1028 equam
337 944 474 1027 improba
504 945 647 1011 iuuenum
673 945 952 1030 circumspectatrix,
983 966 1072 1029 quam
1096 951 1255 1014 immodica
1279 951 1326 1014 sui

218 1047 401 1114 ostentatrix
440 1047 588 1128 quianon
608 1047 793 1130 disciplinam
813 1050 917 1120 metris
936 1053 1067 1132 agnouit,
1092 1071 1161 1115 cum
1179 1051 1210 1114 in
1229 1053 1325 1132 puella

217 1149 332 1214 uideret
344 1149 564 1216 immedicatum
580 1167 615 1212 os
634 1158 664 1214 et
683 1151 903 1232 purpurissatas
924 1170 1013 1231 genas
1032 1160 1062 1216 ct
1081 1154 1183 1222 inlices
1199 1151 1324 1216 ocutost

146 1251 275 1328 (residos
302 1258 365 1316 crat
383 1271 401 1327 a
420 1251 566 1314 creditore
596 1251 695 1331 omnis
723 1253 760 1314 ad
779 1253 948 1334 teruncium
965 1256 1058 1336 pridie
1073 1263 1195 1338 sumpta
1209 1263 1239 1318 et
1259 1255 1326 1337 qui·

217 1351 287 1418 dem
304 1351 309 1438 Ι
328 1352 476 1434 grandior,
492 1371 581 1433 quam
595 1354 703 1419 domus
719 1354 860 1421 exhausta
870 1363 899 1419 et
912 1358 998 1438 plena
1011 1357 1111 1422 liberis
1125 1356 1302 1440 postulabat.
1338 1385 1354 1424 r.
1364 1385 1412 1425 sse.

163 1465 196 1518 ιο
257 1452 261 1459 ’
302 1456 361 1518 Sed
376 1455 455 1518 enim
468 1455 534 1535 iste,
555 1462 589 1520 ut
607 1456 714 1520 estrei
733 1457 878 1532 modicus,
892 1459 957 1538 spei
970 1459 1157 1535 immodicus,
1170 1458 1235 1540 pari
1249 1476 1320 1521 aua·
1338 1470 1459 1526 Lxxvtl

207 1559 282 1632 ,ride
296 1566 326 1620 et
338 1563 467 1638 egestate
481 1564 579 1622 totum
593 1559 775 1624 Pudentillae
786 1560 980 1640 quadragiens
990 1562 1229 1644 praesumptione
1243 1579 1325 1642 cassa

217 1663 383 1736 deuorarat,
399 1679 492 1742 coque
507 1679 556 1724 me
570 1660 770 1725 amoliendum
784 1668 877 1739 ratus,
897 1679 955 1742 quo
970 1663 1083 1726 facilius
1097 1663 1233 1726 Pontiani
1251 1659 1323 1734 iaci-

215 1765 338 1840 litatem,
351 1763 535 1834 Pudentillae
546 1763 735 1829 solitudinem
750 1764 988 1839 circumueniret,
1000 1765 1066 1829 iniit
1079 1784 1221 1846 generum
1235 1769 1333 1828 suum

217 1867 382 1948 obiurgare,
406 1866 485 1946 quod
509 1873 636 1940 matrem
655 1884 741 1928 suam
767 1865 840 1930 mihi
861 1866 1072 1946 desponderat:
1099 1868 1211 1942 suadet,
1234 1885 1323 1947 quam

163 1980 196 2034 to
216 1969 347 2050 primum
369 1987 405 2032 ex
423 1975 506 2033 tanto
524 1967 665 2050 periculo,
692 1969 764 2034 dum
784 1967 860 2046 licet,
884 1969 991 2049 pedem
1009 1968 1126 2044 referat,
1142 1987 1200 2038 res
1220 1968 1322 2030 mauis

214 2073 279 2153 ipse
293 2071 393 2152 potina
406 2071 522 2147 lrabeat,
537 2088 627 2150 quam
640 2069 755 2132 homini
769 2068 895 2134 extrario
912 2069 1007 2136 sciens
1027 2055 1220 2134 transmittat:
1239 2070 1270 2132 ni
1283 2069 1324 2132 ita

214 2174 310 2249 iaciat,
325 2173 408 2237 inicit
421 2172 595 2253 scrupulum
610 2172 719 2245 amanti
733 2171 951 2244 adulescentulo
967 2179 1126 2252 ueterator,
1146 2171 1276 2234 minatur
1290 2189 1323 2232 se

215 2276 305 2341 liliam
324 2275 531 2341 abducturam.
570 2274 639 2356 quiid
658 2271 782 2341 mutet
804 2273 949 2348 ,iuuenem
974 2273 1147 2355 simplicem,
1173 2279 1323 2355 praeterea

215 2397 312 2444 nouae
329 2383 440 2459 nuptae
458 2376 612 2440 inlecebris
635 2377 822 2443 obfrenatum
840 2394 896 2440 suo
910 2375 1053 2442 arbitratu
1071 2377 1109 2438 de
1123 2376 1172 2441 uia
1185 2373 1321 2438 deflectit.

161 2489 195 2544 tt
214 2481 238 2544 it
250 2481 302 2548 ille
312 2481 349 2543 ed
368 2485 495 2548 matrem
512 2479 674 2544 uerborum
687 2479 786 2542 Rufini
800 2479 929 2560 gemus,
944 2477 996 2542 sed
1015 2477 1210 2559 nequicquam
1223 2483 1322 2556 temp·
1404 2537 1407 2540 .

212 2589 274 2655 teta
292 2581 357 2652 mus
374 2582 527 2662 grammis,
551 2582 630 2646 mco
654 2582 719 2663 ipse
738 2581 864 2644 leuitatis
883 2587 913 2643 et
931 2579 1143 2644 inconstantiae
1161 2578 1322 2661 increpitus

213 2681 362 2770 reperiitat
380 2685 418 2750 ad
437 2703 577 2750 socerum
595 2683 675 2748 haud
695 2685 810 2748 mollia:
836 2683 925 2748 matri
944 2701 1015 2748 suae
1033 2690 1152 2766 praeter
1170 2680 1322 2764 ingenium

212 2786 444 2869 placidissimum
468 2787 617 2853 immobili
636 2786 713 2850 mam
742 2805 860 2870 quoque
885 2804 941 2850 sua
965 2786 1198 2868 expostulatione
1223 2801 1322 2866 acces·

213 2890 297 2967 emec,
311 2909 374 2954 uon
384 2890 536 2962 ,madoco
554 2889 728 2972 pertinaciae
742 2889 958 2954 adiumentum:
983 2889 1173 2970 respondisse
1187 2905 1253 2948 eam
1267 2885 1320 2948 de-

159 3001 193 3058 tt
212 2993 312 3075 nique,
325 3009 389 3057 non
402 2992 478 3058 clam
492 3011 525 3056 se
538 3009 614 3066 esse,
626 2991 724 3054 Rufini
743 3008 780 3054 ex
798 2989 931 3055 cretione
950 3007 1053 3052 secum
1067 2985 1261 3071 expostulem
1284 3002 1319 3048 eo

283 3371 295 3424 1
315 3323 451 3422 derelicto:³
466 3313 532 3370 (m
547 3313 604 3369 ml
617 3368 639 3421 F
660 3319 673 3438 Ι
698 3369 717 3420 ³·
729 3365 847 3420 adferens
859 3364 914 3431 nv,
931 3365 1084 3436 ιίωιιφ,
1102 3377 1248 3422 esmrenro
1270 3361 1320 3432 ΙΔ

212 3451 330 3508 adfuistis
343 3451 398 3518 ΙΝ,
415 3450 559 3520 emisero
593 3446 604 3518 Ι
636 3448 828 3502 dimedicetnm
840 3447 870 3515 dl,
882 3447 1034 3500 medicatum
1044 3464 1077 3516 φ,
1094 3439 1275 3498 immeditatem
1286 3443 1319 3510 V,
1381 3445 1383 3449 ’

212 3535 422 3620 immedicatum
447 3529 452 3599 Ι
478 3531 806 3597 inliceslillitoel’rteeeue
827 3527 1074 3600 persecurum
1099 3525 1105 3594 Ι
1129 3523 1320 3594 pridieevlit
1411 3535 1419 3546 ⁸

212 3675 349 3740 onustae
376 3665 388 3735 Ι
416 3667 449 3720 10
463 3667 605 3719 enericiev
627 3663 638 3734 Ι
667 3665 696 3718 11
710 3609 931 3718 Pudentilllmld'
957 3660 963 3731 Ι
988 3661 1155 3730 quadragiens
1167 3662 1197 3728 F,
1209 3660 1320 3729 quadre-

212 3800 267 3864 pies
279 3817 312 3868 φ,
329 3800 490 3868 quadrigieus
503 3799 526 3855 V
549 3797 561 3868 Ι
586 3800 617 3852 13
629 3743 825 3852 erromuollle'sl
834 3797 866 3864 F,
877 3796 1092 3850 circenneniretv
1113 3793 1126 3865 Ι
1148 3797 1180 3850 15
1191 3793 1319 3868 reiepeto,

213 3878 310 3940 eederet
320 3880 390 3950 nov
415 3880 421 3948 Ι
446 3897 501 3934 rem
511 3880 536 3935 V
557 3881 571 3948 ΙΙ
596 3881 627 3932 16
639 3881 675 3932 ite
686 3880 733 3932 det
746 3879 860 3933 Boreelra
882 3876 893 3948 Ι
917 3879 949 3930 17
961 3883 1022 3948 poet
1030 3876 1113 3947 ,iacnt
1123 3881 1152 3932 in
1160 3877 1184 3930 ·ll
1196 3891 1292 3930 raom
1315 3874 1321 3945 Ι

212 3961 294 4016 iniicit
306 3961 337 4027 ll,
353 3961 426 4015 inicit
441 3962 490 4033 ch
512 3960 523 4031 Ι
547 3961 579 4014 18
600 3961 764 4014 abducturam
783 3960 829 4028 Fcp
851 3957 864 4028 Ι
888 3959 920 4012 19
936 3955 1101 4028 illeceBriscp
1123 3957 1134 4027 Ι
1165 3958 1199 4010 20
1215 3958 1319 4026 ecquid·

210 4057 286 4110 quem
297 4059 321 4114 φ
343 4040 354 4112 Ι
386 4043 417 4094 21
431 4043 502 4096 ultra
512 4041 636 4096 mass
655 4040 668 4110 Ι
690 4041 723 4093 23
736 4041 855 4094 immobili
867 4041 986 4095 [udaium
998 4037 1124 4092 immobile
1135 4037 1214 4109 npv,
1231 4046 1258 4092 et
1272 4039 1319 4092 im·

211 4123 303 4178 nobile
315 4139 329 4182 ς
348 4120 361 4192 Ι
379 4125 414 4178 24
426 4123 580 4179 eiumentum
591 4119 622 4189 ll,
643 4121 811 4176 emumentum
823 4140 854 4194 φ,
865 4123 1018 4178 elumentum
1028 4120 1062 4188 V,
1075 4121 1220 4176 adnectam
1231 4137 1257 4181 ςι
1274 4136 1317 4192 er-

211 4211 353 4270 mermes
365 4205 471 4258 mem
483 4201 505 4273 ‘l
527 4206 561 4257 25
573 4203 748 4257 exhortatione
761 4219 774 4262 ς
796 4201 807 4274 Ι
