3232 5028
198 441 200 449 .
614 417 617 429 ι
667 394 838 451 ereccon
1262 403 1303 464 π

117 483 160 526 ind
176 482 279 527 oudone.
1271 484 1357 527 diffie.
1372 486 1388 526 ἲ.
1400 489 1448 529 iit.

189 557 287 614 autem
306 550 416 630 gloriae
440 567 528 612 causa
547 556 746 624 mercensem,
768 557 802 612 ut
825 550 863 612 bi.
883 550 1030 614 Antonius
1049 549 1102 614 Gn.
1123 547 1297 626 Carbonem,

190 653 220 715 c.
239 653 352 716 nucius
372 650 406 713 n.
426 651 592 726 nurerum,
617 651 651 714 r.
672 651 818 732 sopanus
838 650 872 712 c.
886 651 1068 728 Norbanum,
1088 651 1118 717 n.
1134 636 1243 736 rocus
1256 653 1298 716 Μ’

188 754 347 836 Aprilium,
363 755 395 818 C.
410 754 498 818 Curio
514 753 549 828 Q.
564 753 722 817 Metellum.
753 753 862 835 quiippe
879 752 912 816 bi
924 771 1025 817 omnes
1045 755 1236 819 eruditissimi
1250 757 1298 820 iu-

118 876 176 932 (ees)
190 874 282 920 uenes
296 857 390 920 laudis
405 856 496 936 gretie
509 856 640 937 primum
654 855 712 916 hoo
725 855 929 920 rudimentum
947 857 1075 920 forensis
1091 875 1197 939 operae
1215 859 1298 920 subi-

81 959 88 966 “
153 968 169 1018 e
189 959 270 1034 bant,
286 965 320 1022 ut
338 959 435 1038 aliquo
454 958 561 1038 insigni
581 957 688 1020 iudicio
708 957 822 1021 ciuibus
841 958 904 1020 suis
922 966 1126 1022 noscerentur.
1161 961 1211 1040 qui
1231 979 1297 1023 mos

188 1061 395 1142 incipientibus
418 1059 645 1124 adulescentulis
671 1061 708 1122 ud
731 1060 938 1124 illustrandum
957 1061 1066 1142 ingenii
1091 1061 1195 1124 florem
1220 1063 1298 1144 apud

189 1164 326 1244 antiquos
349 1179 508 1226 concessus
532 1163 583 1225 diu
607 1162 745 1226 exoleuit:
772 1163 852 1243 quod
876 1163 902 1226 si
920 1181 1000 1226 nunc
1023 1181 1141 1246 quoque
1159 1163 1299 1244 frequens

190 1271 277 1340 esset,
292 1272 392 1331 minen
412 1265 447 1328 ab
468 1265 527 1329 hoc
546 1265 650 1346 procul
664 1265 794 1328 eluisset.
825 1283 895 1328 nam
911 1283 1006 1347 neque
1024 1265 1177 1334 facundiae
1196 1272 1297 1328 osten-

188 1369 259 1430 tatio
274 1367 342 1431 rudi
356 1373 386 1429 et
399 1367 529 1442 indocto,
548 1384 644 1446 neque
664 1366 772 1447 gloriae
791 1367 898 1448 cupido
919 1368 1029 1430 rustico
1045 1374 1074 1429 et
1087 1367 1223 1444 barbaro,
1243 1385 1297 1430 ne-

137 1479 170 1530 to
190 1489 247 1550 que
271 1471 397 1551 inceptio
418 1468 652 1551 patrociniorum
676 1468 806 1549 capulari
830 1469 893 1530 seni
917 1470 1113 1551 congruisset,
1137 1470 1194 1532 nisi
1219 1469 1297 1532 forte

188 1572 367 1634 Aemilianus
388 1590 442 1653 pro
467 1589 521 1634 sue
540 1571 696 1634 seueritate
720 1571 888 1652 exemplum
907 1572 988 1634 dedit
1009 1579 1038 1633 et
1057 1571 1129 1652 ipsis
1148 1571 1297 1634 maleficiis

189 1675 323 1739 infensus
347 1674 563 1738 accusationem
587 1673 675 1735 istem
694 1690 748 1752 pro
773 1691 894 1738 morum
912 1673 1077 1754 integritate
1097 1673 1234 1755 suscepit.
1270 1683 1299 1734 at

189 1777 248 1840 boc
261 1795 315 1856 ego
330 1775 503 1850 Aemiliano,
518 1791 581 1838 non
594 1775 663 1837 huic
674 1773 756 1849 Afro,
772 1774 824 1836 sed
837 1775 879 1838 illi
889 1775 1025 1838 Africano
1037 1781 1067 1837 et
1077 1774 1257 1837 Numantino
1269 1781 1299 1836 et

130 1911 153 1954 s
189 1885 339 1959 praetereo
359 1877 500 1940 Censorio
519 1878 570 1940 uix
589 1876 793 1939 credidissem:
826 1895 864 1940 ne
888 1857 1077 1942 nme⁸sfrutiei
1097 1877 1215 1940 credam
1236 1891 1299 1938 non

138 1995 170 2046 15
190 1982 281 2044 modo
297 1980 399 2043 odium
414 1986 603 2060 peccatorum
617 1980 670 2041 sed
686 1979 791 2043 saltem
805 1951 989 2044 intellecturi
1000 1981 1107 2044 inesse.

212 2249 222 2295 t
245 2245 297 2300 Cic.
315 2247 348 2296 ed
366 2245 426 2296 som.
445 2245 517 2296 Villi
536 2247 579 2308 21,
599 2247 627 2296 3:
647 2251 697 2295 tres
716 2245 752 2294 illi
770 2244 858 2295 fratres
877 2245 984 2309 inerant,
1008 2243 1037 2296 G.
1057 2239 1104 2297 Cn.
1128 2243 1163 2295 il.
1184 2243 1244 2294 Cer·

243 2332 327 2381 bones.
358 2331 460 2380 Morcus
477 2330 506 2380 P.
533 2331 624 2380 blecca
649 2335 782 2379 accusante
800 2331 990 2392 condemnatos,
1008 2327 1048 2377 fur
1075 2341 1190 2391 mugnus,
1212 2341 1244 2377 ex

245 2414 335 2463 Sicilie.
373 2413 448 2464 Ceios
470 2421 603 2466 accusante
627 2415 658 2464 L.
683 2412 774 2464 Crasso
802 2415 962 2464 cantharides
986 2411 1120 2476 sumpsisse
1143 2412 1263 2461 dicitur:¹

244 2497 265 2545 is
283 2497 438 2548 attribuens
456 2499 490 2564 pl.
508 2499 638 2549 seditiosus
657 2505 682 2546 ei
707 2497 736 2549 P.
756 2497 875 2548 Africano
893 2499 945 2548 uim
962 2499 1073 2548 attulisse
1088 2496 1244 2554 ¹existimetur

245 2586 290 2630 est.
326 2581 376 2631 hoe
395 2598 463 2649 uero,
488 2584 531 2648 qui
548 2582 660 2648 Lilybaei
678 2597 693 2631 e
711 2582 829 2646 Pompeio
854 2590 939 2632 nostro
964 2587 1002 2632 eet
1024 2580 1176 2642 interiectus,
1199 2581 1244 2630 im·
1278 2575 1282 2584 '

244 2665 344 2728 probior
365 2681 439 2716 nemo
462 2683 519 2718 meo
542 2667 632 2716 iudicio
651 2667 704 2720 suit.
733 2667 785 2716 iem
802 2675 874 2731 poter
891 2667 944 2717 eius
962 2672 1092 2716 accusatus
1110 2680 1126 2714 e
1142 2666 1178 2718 ld.
1191 2657 1244 2716 An·

230 2749 313 2798 ¹tenio
331 2751 424 2800 sutorio
442 2757 582 2803 strumento
600 2752 729 2802 absolutos
747 2759 857 2818 putetur.
882 2777 909 2787 -
930 2751 999 2805 Brut.
1018 2753 1061 2815 43,
1082 2752 1131 2802 1⁵9
1151 2751 1195 2818 (es.
1213 2752 1244 2801 de

245 2839 306 2883 oret.
326 2835 360 2884 lll
379 2837 423 2899 20,
443 2841 488 2897 ⁷43
506 2839 532 2887 in
551 2837 623 2888 Verr.
643 2835 679 2884 111
700 2838 723 2898 1,
743 2833 783 2902 o)=
802 2836 929 2887 accusauit
951 2833 1078 2902 (Crassus)
1102 2834 1132 2885 C.
1152 2835 1244 2886 Carbo-

244 2933 319 2980 nem,
346 2919 575 2982 eloqnentiesimum
601 2920 743 2982 hominem,
771 2921 906 2970 admodum
929 2920 1088 2970 odolescensr
1120 2933 1244 2970 sommum

243 3002 337 3066 ingenii
354 3016 406 3051 non
423 3003 524 3053 leudem
541 3002 625 3066 modo,
645 3003 688 3053 sed
707 3004 783 3054 etiem
801 3003 991 3053 admirationem
1009 3010 1047 3052 esi
1065 3010 1222 3054 consecutus.

210 3087 226 3136 2
244 3086 302 3138 ibid.
322 3087 365 3148 26,
385 3086 450 3135 1022
475 3085 575 3136 Mucius
598 3091 684 3136 entem
707 3101 795 3152 augur,
820 3086 886 3150 quod
908 3099 955 3150 pro
978 3100 1006 3136 se
1028 3099 1091 3150 opus
1109 3092 1170 3148 eret,
1192 3085 1245 3150 ipse

245 3169 350 3231 dcebet,
368 3175 395 3218 ut
414 3169 445 3218 de
462 3169 574 3234 pennalis
586 3171 733 3238 ‘repetundis
750 3177 839 3220 contre
855 3169 886 3224 Τ.
905 3170 1045 3220 Albucium.
1072 3169 1094 3220 ir
1117 3176 1245 3220 erutorum

245 3253 271 3302 in
290 3267 394 3304 numero
412 3267 463 3304 non
482 3252 541 3302 inita
565 3253 624 3304 iuris
643 3253 721 3304 ciuilis
738 3252 997 3319 intellegentiamque
1015 3253 1084 3304 omni
1099 3251 1246 3318 prudentiae

244 3351 337 3402 genere
357 3337 487 3401 praestitit.
510 3337 595 3388 -de
619 3339 663 3389 off.
681 3337 706 3388 11
725 3340 766 3401 1⁴,
784 3340 833 3388 49:
856 3339 941 3392 etiem·
953 3338 981 3389 P.
1005 3336 1106 3402 Sulpicii
1128 3337 1244 3401 eloquen-

136 3475 141 3482 ,
246 3422 308 3472 tium
326 3423 453 3474 accusatio
471 3421 609 3484 idustrocit,
627 3435 685 3472 eom
702 3422 846 3474 seditiosm
864 3428 890 3473 et
907 3421 1020 3472 inutilem
1031 3421 1121 3486 ciuem,
1140 3420 1169 3473 Ο.
1179 3421 1245 3472 Nor-

245 3508 347 3569 banum,
363 3506 390 3556 in
407 3506 527 3558 indicium
543 3506 653 3557 domuit.
673 3532 707 3545 -
725 3505 794 3560 Brut.
814 3508 856 3571 62,
870 3507 922 3556 222
942 3501 1243 3573 (ef.deon.1114,50):

245 3591 350 3640 multum
375 3591 406 3638 ob
431 3591 472 3640 his
494 3591 580 3640 aberet
603 3589 633 3640 L.
651 3587 751 3642 Fufius:
776 3598 860 3642 temen
879 3605 911 3641 ex
929 3591 1089 3641 accusatione
1107 3589 1142 3640 Μ’
1161 3587 1244 3652 Aquili

247 3673 387 3737 diligentiae
406 3673 515 3723 fructum
533 3677 643 3739 ceperat.
658 3701 692 3711 -
710 3674 768 3728 ibid.
788 3676 830 3740 89,
851 3677 911 3727 305.
1273 3677 1275 3682 ’

262 3890 643 3962 tposeeeeuutrerrasoro
664 3891 676 3963 Ι
699 3891 823 3948 Hirtius
835 3892 889 3965 Rp,
902 3891 1031 3948 uoeimv
1061 3891 1067 3957 Ι
1092 3891 1224 3971 Albucium
1235 3891 1299 3960 Fpr

191 3969 197 4041 Ι
221 3971 249 4026 C.
262 3971 408 4026 Norbanum
420 3975 524 4044 scripsi:
541 3973 585 4027 Cn.
598 3974 745 4028 Norbanum
757 3974 820 4045 Fpr
849 3973 855 4044 Ι
885 3976 914 4029 L
932 3975 1021 4028 Pudnu
1036 3975 1143 4044 scripsit
1161 3971 1189 4025 C.
1205 3971 1298 4024 Furius

192 4053 256 4126 nov
282 4053 286 4122 Ι
313 4051 347 4106 Μ’
361 4053 538 4108 dacobertus:
551 4053 586 4107 li.
600 4055 663 4126 Fepv
685 4055 697 4128 fl
721 4059 736 4110 3
751 4057 874 4111 biomnes
890 4058 1016 4111 Berroia:
1033 4053 1221 4124 luminosior
1247 4052 1260 4122 i
1281 4053 1297 4105 ὅ

191 4135 283 4188 indicio
296 4133 428 4189 Mennim
459 4133 471 4205 i
503 4135 784 4208 bedolcscentulirrpr
810 4135 823 4207 1
851 4135 1052 4204 Grmfuissctl‘,
1073 4136 1231 4203 annuero,
1252 4133 1298 4186 el-

191 4214 345 4284 icissetvl
370 4215 759 4290 rratAerdaeumurpvi
814 4225 816 4228 '
