3232 5028
288 469 345 529 115
584 457 586 462 '
713 458 731 508 l.
750 459 768 512 l.
790 453 962 508 SCALlGllRl

483 617 574 677 ¹hasce
590 613 662 678 duas
678 614 821 695 llamrnas
837 611 908 674 dum
924 610 1032 689 potior,
1048 610 1151 690 patiar.

384 709 386 714 ’
429 721 487 780 hoo
501 716 591 779 modo
607 716 663 778 sim
678 714 774 790 uobis,
789 731 868 778 unus
885 705 939 774 sihi
955 711 1079 792 quisque
1094 711 1173 790 quod
1189 711 1251 791 ipse
1266 720 1310 772 est

389 823 393 830 '
488 819 546 880 hoc
559 817 632 880 mihi
645 836 702 879 uos
718 816 809 890 eritis,
825 815 905 896 quod
920 813 979 876 duo
996 813 1166 874 suntoculi.

291 921 550 999 tutu-turo:
668 925 669 930 ’
763 909 766 916 ’
950 920 952 925 ’

430 1025 521 1086 florea
536 1027 624 1094 serta,
639 1037 757 1081 merum
767 1021 794 1097 1)
810 1018 878 1091 mel,
895 1024 924 1078 et
937 1016 1010 1077 haec
1023 1015 1075 1078 tibi
1091 1017 1221 1080 carmina
1236 1018 1325 1078 dono.

490 1122 619 1186 carmina
634 1120 713 1188 dono
728 1119 791 1194 tibi,
807 1125 884 1180 serta
898 1124 950 1179 tuo
965 1117 1065 1196 genio:
1145 1199 1147 1202 Ι
1236 1198 1239 1204 r

432 1225 571 1298 carmina,
585 1221 634 1286 uti·
645 1221 733 1284 Critia
746 1209 797 1284 lux
810 1221 882 1282 haec
897 1225 997 1300 optata
1010 1226 1140 1295 canatur,

491 1343 566 1406 quae
579 1324 625 1386 his
641 1331 763 1404 septeno
778 1340 849 1384 uere
863 1321 915 1384 tibi
929 1328 1054 1397 remeat3

436 1437 513 1494 serta
528 1420 635 1501 antem,
651 1433 685 1490 ut
698 1428 773 1489 laeto
788 1425 841 1486 tibi
855 1432 990 1504 tempore
1004 1431 1139 1505 tempora
1150 1427 1293 1488 'uernentz

493 1514 594 1592 aetatis
608 1531 713 1592 tlorem
728 1527 850 1590 tloribus
865 1534 899 1588 ut
913 1527 1043 1589 decores.

369 1696 372 1701 .
436 1643 469 1696 tu
484 1632 557 1694 mihi
569 1632 606 1693 da
620 1637 723 1693 contra
736 1649 790 1710 pro
806 1647 899 1691 neruo
915 1629 988 1691 tlore
999 1635 1085 1691 tuum
1100 1646 1163 1701 uer,

494 1742 527 1797 ut
538 1741 639 1795 nostra
654 1750 796 1811 exuperes
811 1749 934 1795 munera
948 1730 1130 1792 muneribus.

437 1855 493 1916 pro
506 1835 640 1914 implexis
655 1834 751 1908 sertis,
766 1834 953 1913 complexum
966 1849 1095 1913 corpore
1107 1833 1208 1894 redde:

494 1930 608 2016 proque
621 1935 709 2008 rosis,
724 1935 785 1998 oris
799 1933 881 1998 sarria
894 1934 1045 2014 purpurei.

438 2039 517 2119 quod
531 2037 557 2099 si
571 2037 700 2098 animam
711 2037 738 2114 2)
753 2035 895 2116 inspires:
911 2036 989 2096 dona
1004 2042 1032 2098 et
1046 2035 1104 2098 iam
1120 2036 1250 2100 munina
1263 2043 1365 2098 nostra
1392 2056 1395 2071 ·

395 2159 397 2165 “
496 2139 601 2200 cedent
613 2137 691 2202 uicta
704 2145 757 2202 tuo
773 2137 940 2217 dulciloquo
956 2137 1078 2200 calamo.

296 2245 346 2318 20,
363 2246 397 2304 7:
420 2258 482 2303 non
496 2248 595 2302 tamen
608 2259 645 2302 ex
659 2259 694 2302 eo
711 2239 802 2319 accipi
816 2258 936 2302 neccsse
950 2246 996 2302 est
1010 2239 1144 2302 exornari
1163 2258 1280 2320 qnoque
1298 2257 1346 2300 me
1364 2241 1401 2301 ad

297 2347 450 2426 speculum
476 2344 570 2405 solere
623 2340 870 2426 22‚14”.forte
917 2339 974 2414 23,
1000 2341 1035 2403 4:
1061 2347 1148 2421 atque
1173 2341 1199 2402 ei
1223 2342 1298 2404 uniti
1350 2341 1400 2413 24,

298 2446 381 2507 5-7:
406 2463 494 2523 quem
518 2451 551 2504 tu
576 2442 685 2510 librum
708 2477 752 2487 -
774 2461 808 2508 ao
832 2459 895 2504 non
917 2441 1008 2505 modo
1028 2459 1132 2523 campo
1154 2450 1184 2504 ct
1201 2444 1292 2523 glebis
1312 2478 1355 2490 -
1373 2451 1401 2504 te

297 2547 437 2613 dedisses.
467 2545 539 2606 mihi
557 2545 636 2608 istud
653 2544 740 2606 oredo
783 2543 835 2618 24,
853 2541 908 2606 26:
928 2561 945 2604 a
964 2544 1136 2623 probatore]
1154 2544 1361 2626 obprobratori

298 2648 349 2722 26,
369 2649 404 2711 3:
431 2648 606 2724 demensa]
631 2646 726 2708 trihus
770 2643 822 2720 26,
845 2646 899 2708 17:
925 2653 1029 2709 contra
1053 2647 1125 2708 haec
1168 2646 1219 2721 29,
1243 2648 1298 2712 18:
1323 2648 1403 2728 quod

299 2749 451 2831 pauciores
472 2767 526 2827 ego
546 2766 650 2810 seruos
669 2746 763 2808 habeo
808 2745 859 2819 30,
878 2739 1041 2831 rumpe
1061 2767 1113 2820 τις
1133 2739 1203 2828 γαῖ’
1224 2741 1296 2810 ἐστὶ
1310 2745 1402 2832 μέσῳ

299 2847 347 2915 ἐνὶ
373 2841 487 2913 οἴνοπι
513 2843 624 2934 τύφῳ,
651 2841 820 2930 καλὴκαὶ
842 2839 976 2931 πίειρα,
1008 2850 1060 2922 40,
1083 2851 1136 2911 11:
1161 2851 1303 2914 Laeuium
1351 2854 1401 2926 40,

303 2953 426 3016 12-17:

444 3068 469 3100 ³
601 3052 707 3133 philtra
722 3052 822 3116 omnia
836 3052 966 3132 undique
980 3061 1097 3118 eruunt

601 3155 765 3236 antipathes
779 3154 852 3220 illud
867 3155 1025 3236 quaeritur,

601 3257 768 3332 trochlliset
782 3275 885 3338 unges,
900 3257 1003 3334 leniae,
1013 3261 1041 3337 3)

600 3360 755 3434 radiculae,
768 3360 886 3434 herbae,
901 3353 1019 3434 surculi,

601 3460 763 3540 auriplices,
778 3460 972 3541 bitortilaestl

600 3561 796 3625 hinnientium
809 3563 1020 3644 dulcedines)

301 3668 352 3740 40,
368 3663 424 3727 21':
441 3673 571 3727 ceterum
587 3663 623 3726 ad
637 3663 859 3744 magiamnihil.
890 3667 970 3747 quod
988 3674 1087 3732 autern
1107 3667 1242 3731 uideatur
1259 3668 1331 3730 nihil
1353 3669 1405 3729 ad·

301 3771 408 3842 intare,
435 3767 529 3828 dicam
549 3767 628 3829 unde
649 3767 678 3829 id
698 3768 860 3834 coniectum
903 3771 954 3844 41,
976 3769 1028 3831 12:
1055 3768 1131 3832 coia
1150 3764 1235 3842 Διὸς
1255 3763 1405 3852 θυγάτηρ

300 3863 353 3948 ἔχε
380 3864 540 3954 φάρμακα
566 3863 746 3952 μητιόεντα
767 3903 855 3916 -4-
876 3865 1045 3954 puppiano,
1074 3866 1185 3934 πολλὰ
1212 3866 1271 3949 μὲν
1298 3864 1406 3932 ἐσθλὰ

301 4099 370 4152 ndu.
383 4100 412 4152 V
410 4101 493 4152 oleon.
503 4102 602 4168 pumat

338 4181 454 4246 llmeum
493 4181 517 4240 2)
530 4181 636 4230 animum
677 4183 700 4242 3)
714 4179 866 4245 trochisclli,
882 4195 991 4246 ungnes,
1004 4181 1086 4232 ueniae
1125 4185 1149 4246 4)
1162 4196 1255 4236 aureae
1268 4182 1406 4248 ilices,hi·

379 4260 507 4312 chordilac
543 4265 566 4326 5)
581 4263 732 4328 hinnientnrn
745 4261 891 4329 dulcedines
