3232 5028
296 395 356 458 106
541 459 545 466 ‚
644 393 673 444 L.
694 391 815 448 apvnnt
833 391 1070 445 mnnnvaurtffls

147 483 162 522 r.
173 481 231 522 raas
247 481 317 522 arse
984 485 991 494 ·
1314 479 1356 518 Ed,
1371 479 1477 522 onasus.

294 550 370 612 fecte
395 549 541 623 absoluta,
568 548 657 610 utin
682 549 730 609 illa
749 564 845 628 neque
865 549 935 610 Cato
961 547 1133 628 grauitatem
1156 546 1286 628 requirat
1309 565 1405 628 nequa
1599 573 1602 622 Ι

294 651 409 712 Laelius
425 651 574 712 lenitatem
589 669 684 731 neque
700 651 848 714 Gracchus
863 653 1008 731 impetum
1022 669 1076 712 nec
1087 651 1194 712 Caesar
1207 651 1336 712 odorem
1350 669 1405 712 ncc
1601 663 1602 676 ¹

296 753 472 815 Hortensius
500 753 735 816 distributionem
760 773 815 815 nec
834 755 943 816 Caluus
968 753 1096 834 argutias
1119 772 1175 814 neo
1193 753 1404 834 parsimoniam

299 855 443 918 Salustius
459 874 513 918 nec
528 855 708 938 opulentiam
720 857 835 919 Cicero:
851 875 985 938 prorsus,
999 859 1129 937 a'ogucm,
1144 874 1183 918 ne
1194 857 1292 918 omnis
1303 873 1405 936 perse-
1601 835 1602 912 Ι

298 975 379 1037 guar,
397 957 421 1018 si
435 957 556 1020 Auitum
573 957 683 1032 audias,
704 975 799 1039 neque
813 959 946 1022 additum
968 959 1124 1040 quicquam
1144 959 1218 1022 uelis
1237 977 1332 1040 neque
1351 961 1404 1022 de·
1425 971 1441 1021 5

298 1067 425 1122 tractum
438 1049 535 1140 neque
550 1068 649 1122 autem
663 1061 771 1141 aliquid
786 1069 1011 1124 commutatum.

379 1163 479 1237 Video,
495 1165 628 1239 Maxime,
644 1182 733 1244 quam
747 1164 872 1243 henigne
887 1165 998 1239 audias,
1012 1181 1087 1243 quae
1102 1164 1133 1224 in
1144 1165 1238 1227 amico
1252 1171 1305 1228 tuo
1317 1163 1404 1226 Auito

297 1266 492 1346 recognoscis.
522 1275 573 1329 tua
587 1286 635 1328 me
649 1265 787 1340 comitas,
802 1274 836 1328 ut
855 1269 902 1329 uel
916 1263 1027 1352 paullca
1041 1267 1169 1330 dicerem
1184 1269 1220 1330 de
1235 1287 1280 1342 eo,
1296 1268 1404 1329 inuita-

296 1369 348 1431 uit.
378 1375 408 1429 at
421 1386 483 1430 non
497 1388 591 1451 usque
606 1371 678 1432 adeo
692 1377 761 1432 tuae
774 1369 995 1438 beneuolentiae
1009 1369 1177 1451 indulgebo,
1199 1378 1234 1433 ut
1246 1370 1320 1432 mibi
1334 1387 1404 1450 per·

296 1472 410 1534 mittam
425 1473 483 1533 iam
498 1473 717 1554 propemodum
731 1473 811 1534 fesso
827 1473 858 1536 in
872 1475 960 1535 causa
974 1489 1097 1554 prorsus
1113 1473 1148 1534 ad
1163 1472 1253 1534 linem
1267 1473 1403 1536 inclinata
1426 1483 1459 1535 to

296 1575 332 1635 de
351 1575 473 1654 egregiis
488 1575 647 1637 uirtutibus
668 1575 731 1636 eius
752 1591 832 1637 nunc
847 1575 969 1660 demum
982 1575 1123 1658 incipere,
1144 1576 1215 1656 quin
1234 1576 1334 1656 potius
1355 1591 1404 1637 eas

123 1688 285 1741 nxxxxvl
297 1677 417 1756 integris
432 1679 544 1740 uiribus
559 1684 588 1739 et
601 1677 729 1759 tempori
743 1677 834 1740 libero
855 1698 982 1740 seruem.
1017 1695 1096 1740 nunc
1115 1679 1192 1739 eninr
1215 1679 1297 1753 mibi,
1324 1679 1404 1758 quod

296 1796 380 1858 aegre
394 1780 468 1854 fero,
484 1799 501 1841 a
515 1781 797 1842 commemoratione
815 1782 889 1842 tanti
908 1781 965 1844 uiri
980 1771 1129 1862 adpestes
1150 1781 1221 1842 istas
1241 1781 1334 1842 oratio
1354 1800 1403 1842 re·

297 1881 444 1943 uoluendo
458 1889 512 1942 est.

383 1983 519 2045 Audesne
539 2003 608 2064 ergo
631 1992 675 2061 te,
696 1985 870 2060 Aemiliane,
894 2005 963 2048 cum
982 1986 1069 2048 Auito
1090 1983 1247 2047 conferre?
1278 2003 1404 2066 quemne
1426 2003 1458 2054 15

296 2088 343 2150 ille
357 2084 470 2148 bonum
485 2087 585 2150 uirum
600 2088 648 2163 ait,
664 2089 747 2150 cuius
762 2089 852 2150 arumi
872 2089 1139 2168 “disputationeml
1154 2095 1215 2150 tam
1234 2089 1320 2168 plene
1341 2089 1403 2151 suis

296 2193 387 2254 literis
402 2190 555 2265 collaudat,
572 2195 640 2253 euin
655 2198 688 2253 tu
702 2191 813 2272 magiae
828 2201 855 2253 et
867 2191 1000 2253 maleficii
1014 2191 1185 2254 criminibus
1199 2189 1402 2253 insectabere?
1417 2210 1475 2264 (seo)

298 2311 335 2355 an
354 2294 497 2356 inuasisse
517 2311 565 2354 me
590 2291 713 2356 domum
738 2293 919 2356 Pudentillae
942 2301 971 2354 et
990 2293 1166 2374 concipilare
1185 2294 1264 2356 bona
1289 2295 1350 2356 eius
1369 2302 1402 2356 tu

298 2397 390 2477 magis
405 2397 504 2457 dolere
520 2395 617 2470 debes,
634 2415 722 2476 quam
738 2397 879 2459 doluisset
892 2395 1065 2469 Pontianus,
1082 2394 1132 2475 qui
1146 2395 1219 2457 mibi
1238 2396 1276 2457 ob
1291 2415 1402 2476 pauco-

292 2488 365 2560 ¹rum
380 2498 493 2559 dierum
508 2505 609 2560 uestro
626 2499 734 2561 scilicet
748 2499 889 2561 instinctu
905 2503 984 2558 ortas
999 2497 1162 2560 simultates
1182 2499 1269 2561 etiam
1291 2498 1403 2560 absenti
1425 2516 1458 2566 20

297 2600 375 2682 apud
390 2599 511 2660 Auitum
527 2600 675 2675 satisfecit,
692 2601 741 2681 qui
756 2601 828 2662 mihi
843 2601 921 2682 apud
940 2605 1054 2661 tantum
1074 2600 1173 2662 uirum
1194 2602 1301 2681 gratias
1322 2599 1403 2682 egit?
1601 2617 1602 2668 t

271 2733 272 2736 ¹
297 2709 426 2784 putante
438 2708 500 2762 acta
511 2702 587 2782 apud
599 2701 729 2777 Auitum,
741 2721 803 2764 non
813 2705 909 2766 literas
920 2703 1013 2784 ipsius
1025 2703 1137 2783 legisse.
1159 2700 1252 2784 quid?
1263 2683 1412 2785 possesne*

256 2863 281 2920 Ι
299 2805 345 2866 uel
361 2803 536 2884 quistprilics
550 2804 583 2864 in
595 2804 652 2866 isto
669 2805 786 2884 negotio
799 2803 961 2924 gccusace?
987 2806 1150 2868 Pontianus
1170 2802 1174 2890 Ι
1193 2805 1271 2888 ipse,
1293 2809 1404 2888 quoda

170 2968 172 2970 ,
297 2913 391 2970 matre
402 2907 544 2970 donatum
559 2915 718 2989 acceperat,
733 2927 799 2971 meo
815 2910 930 2974 muneri
944 2917 1096 2990 acceptum
1105 2910 1227 2986 terebat,
1242 2910 1404 2974 Pontianus

298 3029 345 3071 me
360 3010 498 3072 uitricum
518 3010 573 3072 sibi
598 3011 755 3092 contigisse
775 3011 886 3074 intimis
908 3012 1110 3074 allectionibus
1124 3013 1293 3075 laetabatur.
1323 3013 1403 3092 quod
1424 3034 1457 3085 25

289 3113 410 3202 ‘utinam
424 3112 579 3174 incolumis
595 3112 767 3196 Carthagine
777 3112 960 3177 reuertisset!
983 3115 1040 3189 uel,
1056 3115 1196 3196 quoniam
1211 3115 1254 3178 sic
1267 3115 1294 3176 ei
1307 3115 1404 3178 luerat

365 3313 543 3386 lGraconsp
566 3315 577 3386 Ι
607 3316 856 3388 adrumetusnpv
882 3316 892 3389 ΙΙ
920 3317 1158 3389 lsalnstiustV
1194 3317 1198 3386 Ι
1234 3319 1333 3386 inquam
1344 3316 1400 3371 Scl-

297 3401 410 3450 maaiua:
429 3398 454 3448 in
466 3414 514 3466 qua
526 3397 588 3467 Fepv
612 3395 616 3465 Ι
628 3472 630 3477 ,
641 3399 723 3450 omnia
734 3398 939 3452 Elmanborab'ua
959 3397 970 3468 ΙΙ
992 3399 1007 3452 8
1019 3400 1184 3466 recognoscis
1196 3417 1215 3466 ς,
1232 3399 1402 3464 recognosces

297 3533 366 3602 rev
390 3532 399 3602 ΙΙ
428 3534 444 3583 9
461 3533 676 3586 beniuolentiacv
699 3531 710 3602 ΙΙ
735 3533 766 3585 12
781 3534 838 3585 binc
855 3534 919 3584 euim
932 3534 1036 3604 Labotas
1063 3533 1074 3604 Ι
1096 3535 1128 3586 15
1139 3509 1201 3600 eigo
1215 3510 1240 3591 ic
1253 3536 1283 3602 F,
1301 3545 1327 3588 te
1339 3551 1401 3601 ergo

296 3631 337 3686 epu
392 3615 424 3666 to
436 3615 512 3666 animi
523 3612 571 3681 Fv,
588 3622 616 3666 at
631 3633 667 3686 pa
685 3615 778 3667 Auitus
795 3617 962 3668 Cumaeam
988 3615 993 3684 Ι
1019 3617 1222 3682 disputationem]
1239 3623 1402 3688 comptum:

297 3695 489 3763 dispositionem
499 3697 613 3765 Fulvius,
630 3696 740 3762 (dutus)
754 3696 902 3764 discipliuae
914 3699 1039 3750 rationem
1050 3697 1203 3769 Leonaptug
1222 3699 1403 3767 disciplinatio·

297 3793 352 3830 nem
364 3778 559 3831 musmonem
582 3775 593 3846 Ι
618 3778 786 3832 illitterisv
812 3777 817 3847 Ι
843 3794 935 3847 cumr,
948 3795 1004 3831 cum
1016 3780 1062 3852 Fep
1087 3778 1092 3849 Ι
1118 3786 1166 3833 aut
1179 3782 1277 3846 magiae
1291 3785 1403 3834 aalma·

297 3859 374 3910 latinii
390 3859 524 3912 dabndam
540 3877 597 3916 ease
613 3863 760 3930 auspicabar
771 3865 811 3913 eat
821 3861 955 3926 Brantiaa,
972 3867 999 3911 ct
1011 3861 1235 3914 addrbde'tBosrcdo
1260 3859 1266 3930 Ι
1292 3863 1403 3914 crimini-

296 3939 344 3994 bus
356 3941 481 3994 Boaeclta:
495 3942 606 3996 criminis
619 3941 682 4010 Papa
705 3940 716 4010 Ι
741 3942 772 3994 18
786 3942 905 4009 obipilara
921 3942 951 4008 F,
965 3941 1101 4010 compilare
1115 3957 1128 4001 ς
1150 3941 1161 4012 Ι
1186 3946 1217 3996 19
1230 3944 1271 4012 qni
1282 3945 1342 3994 milri
1353 3960 1403 4012 pv,

363 4021 372 4059 r

299 4089 382 4138 ..qm
398 4075 490 4128 ruibill
515 4075 526 4146 Ι
549 4077 730 4132 221itterasv
761 4080 766 4150 Ι
796 4081 871 4148 quidt
889 4093 1011 4148 possesne
1027 4080 1135 4148 scripsi:
1154 4079 1213 4146 qaid
1229 4093 1404 4146 possea-ao-

297 4158 404 4206 cusaret
421 4157 498 4222 vulgo
531 4156 541 4226 Ι
573 4159 606 4210 23
627 4159 774 4228 quisquilias
790 4164 896 4232 scripsi:
919 4175 981 4227 qnos
1002 4160 1057 4228 quis
1074 4160 1148 4230 va:
1168 4176 1231 4228 quos
1243 4159 1328 4228 quires
1344 4159 1403 4214 Ste-

297 4237 415 4304 waoda'ua,
433 4238 546 4305 quisquis
559 4241 658 4294 Colotes
683 4243 694 4310 Ι
718 4243 750 4294 25
763 4243 881 4296 uitricum
893 4242 950 4311 (pv,
962 4240 1117 4296 mucuns*
1136 4243 1149 4312 Ι
