3226 5026
293 479 332 540 10
631 475 660 527 Ι..
679 473 803 530 valffl
819 473 1057 532 mbvllENsls

148 559 237 605 croco.
252 561 310 604 css

489 629 592 693 nitelas
607 629 667 692 oris
682 647 718 693 en
731 629 861 694 Arabicis
873 631 1019 711 frugibus,

487 740 625 807 tenuem,
633 734 816 810 candilioum,
831 734 961 798 nobilem
975 735 1184 817 puluisculum,

490 837 741 917 complanatorem
757 837 918 900 tumidulae
933 834 945 922 11
961 837 1135 919 gingiuulec‚

424 988 427 998 .
489 938 727 1002 conuerritorem
737 939 886 1020 pridianae
900 941 1047 1022 reliquiae,

488 1059 528 1104 ne
542 1059 599 1122 qua
613 1040 727 1104 uisatur
740 1031 816 1104 tolia
829 1043 909 1106 labes
924 1045 1066 1120 sorclium,
1291 1086 1294 1092 -
1433 1073 1448 1123 5

489 1143 631 1208 restrictis
644 1145 722 1207 forte
737 1145 763 1208 si
776 1145 887 1210 labellis
901 1145 1011 1210 riseris.
1419 1211 1422 1221 ,

290 1269 408 1332 quaeso,
425 1247 496 1329 quid
509 1246 618 1310 babent
630 1246 679 1310 isti
693 1265 800 1312 uorsus
814 1267 847 1311 re
862 1257 913 1312 aut
927 1249 1020 1312 uerbo
1036 1253 1231 1331 pudendum?
1246 1256 1317 1336 quid
1332 1275 1399 1318 ons-

288 1354 374 1428 nino‚
403 1354 483 1433 quod
501 1350 696 1432 philosophus
711 1370 800 1414 suum
814 1353 889 1417 nolit
901 1351 1018 1416 uideri?
1040 1355 1097 1417 nisi
1111 1357 1188 1420 forte
1201 1358 1233 1420 in
1246 1378 1282 1422 eo
1297 1377 1399 1440 repre·

289 1455 462 1521 hendendus
474 1476 551 1534 sum,
568 1459 648 1540 quod
659 1455 855 1537 Calpurniano
867 1456 1065 1538 puluisculum
1076 1477 1112 1522 ex
1122 1457 1251 1526 Arabicis
1264 1461 1400 1542 frugibus

288 1559 434 1636 miserim,
451 1534 542 1642 queri
555 1562 648 1625 multo
664 1559 786 1642 aequius
801 1566 863 1622 erat
877 1560 1070 1642 spurcissimo
1085 1563 1145 1626 ritu
1159 1563 1350 1641 Hiberorum,
1365 1572 1399 1632 ut
1416 1581 1452 1646 lc¹

287 1663 327 1726 aii
341 1664 480 1741 (latudine,
496 1685 550 1729 sua
562 1665 620 1728 sibi
633 1665 718 1727 urina
1410 1683 1467 1740 (³⁹³)

489 1768 607 1830 dentem
622 1773 709 1847 atque
722 1784 839 1829 russam
853 1765 1002 1846 pumicare
1017 1767 1174 1848 gingiuam.

205 1881 249 1937 vu
377 1868 442 1930 vidi
461 1887 514 1950 ego
534 1871 647 1937 dudum
662 1869 712 1932 urin
726 1867 821 1931 risum
835 1855 986 1948 quoidam·
994 1871 1136 1944 tenentis,
1157 1889 1225 1934 curn
1239 1873 1398 1936 munditias

289 1972 349 2034 oris
364 1971 498 2036 uidelicet
513 1979 613 2038 orator
626 1973 676 2035 ille
690 1989 793 2053 aspere
807 1977 958 2034 accusaret
971 1979 1002 2034 et
1015 1973 1213 2038 dentifricium
1226 1982 1308 2037 tenta
1320 1975 1398 2038 indi-

288 2075 424 2156 gnatione
442 2073 660 2158 pronuntiaret,
682 2082 789 2156 quents
807 2091 896 2136 nemo
914 2075 1070 2156 quisquam
1084 2095 1243 2141 uenenum.
1255 2095 1259 2102 ·
1273 2076 1397 2158 quidni?
1417 2092 1448 2147 15

287 2179 399 2242 crimen
419 2180 499 2243 haud
517 2179 769 2242 contemnendum
788 2177 984 2260 philosopho,
1003 2179 1076 2242 nibil
1094 2178 1125 2242 in
1140 2199 1173 2242 se
1188 2180 1341 2244 sordidum
1355 2182 1398 2244 si-

287 2301 367 2358 nere,
382 2283 455 2347 nibil
468 2283 585 2365 uspiam
599 2282 733 2365 corporis
748 2288 883 2363 aperurm
897 2280 1086 2345 immundum
1100 2283 1160 2364 pati
1171 2301 1204 2344 ao
1212 2283 1397 2358 fernientum,

217 2407 272 2450 ree.
286 2387 460 2468 praesertim
479 2383 483 2472 1
503 2407 552 2461 oe,
572 2387 660 2451 euius
678 2386 710 2448 in
724 2385 881 2468 propatulo
896 2391 926 2446 ct
939 2386 1100 2467 conspicuo
1116 2404 1189 2452 usus
1203 2386 1317 2449 homini
1330 2405 1396 2449 ore·
1410 2397 1468 2454 (eso)

286 2490 443 2565 berrimns,
459 2491 524 2554 siue
540 2492 588 2553 ille
607 2489 735 2571 cuipiam
755 2488 993 2564 occubuisset,
1014 2508 1067 2557 seu
1090 2507 1158 2554 cum
1178 2491 1318 2570 quiquam
1334 2509 1398 2552 ser-

287 2592 462 2669 mocinetur,
477 2594 541 2658 siue
551 2594 583 2655 in
593 2591 739 2655 auditorio
754 2591 899 2667 dissertet,
916 2591 979 2653 siue
993 2591 1148 2673 intemplo
1163 2609 1266 2673 preces
1281 2594 1396 2673 alleget:
1415 2610 1448 2662 20

226 2727 228 2732 ·
289 2714 408 2758 omnem
424 2697 532 2777 quippe
546 2695 676 2758 bominis
690 2701 790 2766 ectum
804 2713 903 2758 sermo
918 2695 1021 2777 praeit,
1037 2695 1097 2778 qui,
1112 2701 1147 2758 ut
1160 2695 1200 2758 ait
1213 2703 1302 2776 poeto
1310 2713 1397 2778 prae-

288 2799 407 2879 cipuus,
428 2799 561 2862 dentium
580 2816 667 2885 muro
687 2797 893 2880 proficiscitur.
923 2797 1008 2864 dares
1027 2815 1107 2862 nunc
1123 2798 1249 2879 aliquem
1265 2797 1398 2861 similiter

288 2902 528 2983 grandiloquum:
549 2901 657 2965 diceret
675 2919 730 2964 suo
752 2919 849 2975 more,
869 2916 939 2962 cunr
960 2901 1064 2982 primis
1088 2901 1135 2965 cui
1153 2903 1211 2965 ulla
1229 2901 1309 2969 fandi
1329 2919 1398 2964 eura

290 3113 404 3162 11-12
423 3109 709 3162 xxxvru11r-21:
728 3125 796 3160 nunc
809 3107 965 3161 Celtiberos:
985 3107 1117 3161 Celtiberis
1128 3112 1155 3162 in
1167 3101 1240 3174 terra,
1255 3107 1261 3178 1
1277 3111 1343 3175 quod

340 3197 445 3262 quisquc
457 3198 554 3260 minxit,
571 3201 621 3250 hoc
632 3196 679 3250 sibi
690 3197 753 3248 solet
764 3209 839 3248 mane
855 3193 859 3263 1
876 3197 976 3246 denum
987 3201 1061 3260 utque
1073 3209 1170 3254 merom
1182 3196 1343 3253 defricare

341 3283 483 3348 gingicsn,
504 3280 552 3348 lut
574 3296 624 3345 qno
646 3282 692 3334 istc
709 3287 791 3336 occur
808 3281 940 3347 expolitior
957 3282 1019 3334 dens
1037 3286 1086 3345 est,
1107 3278 1178 3346 thee
1195 3288 1221 3336 to
1238 3282 1344 3347 smptus

341 3367 431 3418 bibisse
449 3367 574 3432 praedicet
588 3365 642 3417 loti.

290 3451 323 3500 22
342 3449 416 3504 Hom.
430 3447 477 3504 od.
497 3467 513 3500 c
532 3433 580 3500 cre
597 3447 674 3501 τέκνον
692 3437 756 3518 ipo‘c,
774 3435 844 3502 uoio'v
863 3466 893 3499 σε
911 3442 967 3506 ἔπος
985 3435 1059 3516 etipse
1076 3441 1140 3516 ἕρκος
1157 3435 1266 3502 ὂδὸντων.

358 3641 370 3690 1
385 3638 489 3707 rupen
500 3637 644 3693 soemo,
669 3639 679 3712 1
705 3641 720 3692 s
736 3595 858 3692 mmsis
871 3657 895 3708 φ
922 3637 933 3708 1
954 3641 969 3690 e
986 3655 1017 3690 no
1035 3655 1098 3707 pas
1117 3637 1223 3691 coecos
1251 3635 1262 3708 q
1291 3639 1306 3689 e
1323 3639 1398 3720 noina

231 3777 240 3792 ,
288 3725 318 3792 F,
336 3725 411 3807 nollit
423 3743 445 3795 φ
470 3721 481 3794 1
494 3727 525 3777 10
537 3727 647 3778 miserim
660 3744 683 3796 φ
695 3743 730 3778 ea
742 3739 826 3786 eorm
838 3729 895 3777 mat
905 3725 1022 3776 miserum
1045 3723 1056 3794 11
1078 3725 1109 3778 13
1118 3723 1252 3777 munditias
1266 3724 1314 3794 rv,
1326 3741 1398 3776 mun-

288 3811 399 3886 dioiasrp
415 3810 426 3881 1
448 3812 712 3880 idasperaccusutor
726 3809 1103 3880 Gruter-eurp.ieod.XX10
1131 3808 1141 3880 11
1171 3811 1201 3864 15
1215 3811 1290 3880 quid‘l
1303 3827 1335 3862 un
1347 3811 1397 3861 cri-

288 3945 489 4000 mendicentur
516 3945 526 4014 1
557 3947 589 3999 16
599 3893 688 3944 philone
689 3893 772 4000 {cnop
798 3943 803 4012 1
828 3945 939 4014 nicbilqo
966 3945 970 4014 1
997 3945 1109 3998 sordium
1123 3947 1222 4000 doletur
1245 3945 1255 4016 11
1280 3948 1311 3999 11
1324 3953 1398 4012 espe-

289 4041 345 4078 rnm
355 4025 525 4080 stewechius.
537 4043 570 4080 aar
583 4028 737 4082 sacidoramt
746 4029 836 4080 coroa:
848 4035 875 4079 et
888 4022 1033 4093 oportuni·
1046 4025 1050 4094 1
1074 4029 1190 4080 mnndum
1203 4027 1281 4099 sqv,
1291 4029 1397 4080 immun-

290 4105 348 4156 dum
361 4123 373 4164 ς
400 4103 410 4175 11
436 4109 467 4158 19
479 4109 609 4178 quicquam
621 4109 691 4180 Fapv:
704 4109 820 4178 quiquam
833 4108 946 4172 Coloius,
964 4125 1088 4178 quoquam
1099 4111 1224 4163 Pricaeus
1247 4108 1258 4180 11
1282 4111 1314 4161 20
1327 4108 1397 4160 andi-

289 4198 433 4392 ιΙΞτίοιφΉΙ
465 4243 607 4296 disertetv
636 4239 646 4311 1
674 4244 704 4297 21
724 4247 802 4298 cerba
818 4241 1031 4311 onmewpraoit
1047 4248 1168 4313 rotperto
1190 4211 1207 4312 1ι
1229 4245 1263 4296 23
1281 4259 1326 4297 suo
1343 4244 1399 4295 inre

320 4337 396 4391 pnes
