3226 5026
302 479 370 524 ,vm
764 457 953 548 palasano

302 613 382 678 nihil
420 611 545 680 inveni:
587 611 711 677 mirum
746 612 891 700 profecto
929 611 992 676 hoc
1027 608 1187 698 Scaligeri
1222 621 1255 676 et
1289 609 1408 678 Ossan-

302 718 379 785 boni
407 718 578 784 silentium,
625 726 767 785 attamen
794 725 830 781 ut
858 714 1041 803 aequalium
1066 715 1256 783 sententiam
1280 725 1409 782 secutus

302 822 505 922 Scaligepum
539 824 676 890 habeam
705 845 764 911 pro
793 831 939 904 auctore,
977 823 1011 889 id
1040 825 1181 889 maxime
1210 845 1262 888 me
1290 831 1409 903 movet,

303 929 388 1018 quod
411 928 531 995 diversi
554 927 961 1015 sunttin1li¹)„diversae
984 928 1237 1017 praefationes2)
1261 925 1410 994 editionis

374 1207 401 1273 1)
453 1205 527 1260 Edit.
546 1205 622 1260 Vale.
641 1222 694 1274 pr.:
1020 1206 1093 1261 Edit.
1112 1206 1189 1262 Vulo.
1208 1221 1274 1262 sea:

335 1293 388 1358 ‘L.
412 1289 517 1358 ApuleI
542 1289 728 1342 Madaurenaia
761 1289 847 1355 Opera
936 1291 969 1343 L.
993 1293 1099 1357 Apulos
1118 1292 1302 1344 Madaurenais
1326 1292 1413 1358 Opera

305 1375 399 1426 Omnia
412 1375 485 1437 Quae
498 1375 617 1426 Eustant.
642 1375 780 1440 Equibua‚
788 1383 849 1440 post
886 1375 979 1426 Omnia
1003 1377 1077 1439 Quae
1101 1377 1222 1427 Eustant.
1261 1377 1297 1428 In
1320 1377 1412 1443 quibua

303 1460 418 1510 utitinam
436 1460 467 1513 P.
489 1459 570 1510 Ooloii
592 1459 734 1524 editionem,
758 1459 847 1510 Phila·
879 1468 938 1525 poet
964 1477 1049 1511 oannes
1078 1461 1189 1512 omnium
1217 1461 1340 1512 editiones
1367 1461 1412 1512 boc

302 1544 400 1610 sapinci
412 1544 488 1594 Libri
502 1542 556 1608 Ope
573 1544 696 1596 cetmtiaa
719 1543 778 1596 aot.
796 1544 846 1598 Me.
879 1546 1034 1611 praestitum
1052 1553 1095 1608 eet,
1114 1553 1143 1596 ut
1160 1546 1214 1596 iana
1232 1545 1332 1596 dentum
1345 1545 1412 1594 Aue-

302 1629 445 1680 innumeria
466 1628 566 1679 mendis
589 1629 739 1694 enpurpati3
769 1645 847 1692 quam
884 1637 922 1679 tar
941 1628 1002 1692 Ipse
1023 1628 1076 1694 Ope
1091 1629 1150 1680 Ood.
1164 1629 1226 1682 Mas.
1245 1639 1335 1680 auctus
1353 1630 1413 1680 locis
1442 1637 1444 1641 ’

301 1713 422 1777 plusimis
445 1712 505 1762 locis
523 1712 606 1776 aucti,
630 1727 678 1776 per
695 1711 762 1762 Bon.
788 1711 847 1760 Vua
882 1713 997 1776 infinitis,
1016 1713 1246 1776 interpolatus,
1265 1723 1288 1762 et
1301 1713 1413 1778 pennino

303 1797 406 1846 sanium
424 1795 590 1860 Bnapenscm.
622 1793 748 1860 Lupdnni
764 1793 847 1843 Bata·
882 1795 962 1844 nitori
988 1811 1033 1844 aaa
1059 1797 1189 1846 ratitutus
1211 1797 1336 1860 prodeat,
1362 1811 1413 1858 per

303 1895 406 1943 vocum,
443 1878 487 1927 Ea
524 1876 636 1943 Offlaina
667 1877 846 1941 Plautiniana,
885 1877 950 1927 Bon.
981 1876 1134 1928 Vulcanisun
1161 1878 1327 1944 Brupenaena.
1369 1877 1413 1928 Ea

304 1961 385 2026 Apud
424 1961 594 2012 Franciacunt
635 1960 846 2026 Rapitelenpiuna.
886 1959 998 2024 Officina
1022 1961 1208 2024 Flaminiana,
1234 1961 1314 2027 Apud
1340 1959 1412 2012 Obri-

306 2048 489 2104 atatam
494 2048 522 2102 V.
547 2052 563 2099 8
574 2048 639 2114 fot,
674 2052 708 2099 80
741 2056 766 2100 et
795 2051 847 2098 383
883 2043 1030 2108 stephanum
1059 2044 1275 2112 Rapbeienpiuna,
1311 2046 1412 2097 Acade·

299 2151 363 2202 pap
383 2138 424 2186 12,
881 2128 949 2178 miae
966 2127 1181 2194 Lupduna-Bat.
1208 2129 1413 2198 Typoprapbnna.

884 2214 1030 2270 atalae.
1050 2217 1136 2282 3fel.‚
1156 2221 1209 2270 464
1223 2235 1286 2285 pap.
1306 2223 1347 2270 12.

375 2300 402 2365 2)
425 2297 547 2352 Editioni
573 2299 675 2367 primae
699 2296 846 2354 Vulcanius
870 2301 1012 2368 epistulam
1035 2299 1163 2368 praefixit
1184 2301 1217 2356 ad
1241 2301 1413 2356 Theodorum

304 2387 448 2442 Galatarum
473 2389 609 2454 (Lugduni
631 2389 802 2440 Batauomm.
839 2389 916 2440 Anno
942 2387 1168 2443 malatesta
1202 2390 1321 2442 Calendis
1342 2391 1413 2442 Oeta·
1471 2383 1473 2390 ¹

304 2473 384 2538 bria).
422 2487 482 2524 cum
500 2470 667 2538 praefatione
686 2471 811 2524 editionis
830 2472 963 2526 secundae
981 2473 1103 2528 conferre
1126 2473 1202 2528 iuvat
1218 2473 1413 2542 praefationem

304 2555 444 2620 editionis,
468 2570 547 2622 quam
565 2554 676 2608 Petrum
696 2555 858 2609 Scriverium
883 2571 990 2610 curasse
1014 2556 1109 2610 dieunt
1133 2559 1282 2624 (zAputetua
1300 2559 1413 2609 Madau-

303 2641 385 2692 rensis
415 2640 564 2691 Plancina
599 2641 665 2691 aerio
700 2641 846 2707 caetipatus.
892 2640 1034 2694 Anaterod.
1071 2642 1144 2706 apud
1175 2642 1254 2693 aaut.
1288 2641 1413 2704 anaium,

306 2727 542 2782 aloloaxlms
562 2729 618 2792 12):

449 2809 522 2865 Edit.
540 2809 617 2863 Vulc.
636 2824 701 2864 sea:
1040 2810 1114 2866 Edit.
1135 2811 1261 2866 Sanisen:

423 2894 607 2966 ippopraphm
626 2894 737 2946 Lecton.
993 2897 1179 2966 Tppoprapbus
1198 2897 1309 2950 Lectori.

358 2980 451 3029 Lector
481 2980 606 3043 candide,
636 2977 775 3045 Apuleium
805 2978 851 3028 tibi
936 2980 1030 3032 Lector
1054 2982 1179 3046 candide,
1207 2981 1346 3045 Apuleium
1370 2979 1415 3029 tibi

305 3064 405 3116 danaus.
452 3061 506 3114 aaa
536 3079 624 3114 verum
653 3063 849 3130 lapideumque,
884 3063 1006 3140 &musa
1023 3066 1070 3116 aed
1096 3082 1185 3117 aeruna
1212 3067 1413 3132 lepitinaumqus,·

304 3165 357 3199 non
375 3137 471 3200 cairan
490 3156 537 3198 aut
547 3148 664 3213 nothum
684 3147 730 3212 qui
742 3153 794 3198 tum
807 3146 850 3198 de·
883 3166 935 3200 nan
947 3138 1044 3201 anicios
1057 3158 1103 3202 aut
1114 3151 1234 3202 natham:
1249 3151 1295 3216 qui
1307 3158 1360 3200 tum
1372 3147 1413 3198 de·

304 3249 373 3284 nun
395 3231 426 3282 id
439 3231 614 3297 probaturam
631 3248 657 3282 aa
676 3231 721 3282 tibi
739 3230 850 3296 confidit,
883 3250 953 3286 mum
971 3233 1001 3286 id
1014 3235 1187 3300 probaturum
1205 3251 1231 3286 aa
1245 3235 1290 3286 tibi
1302 3231 1413 3298 confidit,
1489 3262 1493 3265 -

305 3317 328 3368 ai
354 3333 411 3366 cum
438 3305 594 3384 tibicinium
622 3315 720 3380 aliquot
747 3316 850 3366 collatus
883 3318 906 3368 si
931 3335 987 3370 cuna
1009 3309 1164 3388 ἡλιτομήνοις
1188 3319 1287 3382 aliquot
1309 3316 1414 3366 collatus

297 3399 391 3466 fuecit.
428 3398 543 3461 Novum,
567 3399 687 3464 inquam,
711 3399 850 3464 Apubeium
878 3401 970 3467 fuerit.
998 3403 1114 3462 Novum,
1132 3401 1252 3464 inquam,
1275 3399 1413 3464 Apuleium

305 3483 412 3545 damus,
443 3490 489 3532 aut
518 3491 637 3533 renatum
664 3482 764 3545 oenus,
794 3483 849 3534 sine
884 3484 990 3551 dantia,
1014 3494 1061 3536 ant
1087 3491 1205 3535 cenamus
1232 3482 1330 3545 octium
1358 3481 1412 3530 aine

302 3566 381 3616 Notis
400 3573 490 3628 tanen,
509 3565 555 3616 hoc
573 3573 608 3616 eat
626 3565 680 3616 sine
694 3566 812 3630 phaleris
826 3575 851 3618 et
884 3569 959 3620 Notis
977 3577 1068 3632 tamen,
1086 3569 1133 3618 boe
1151 3566 1252 3616 estsine
1260 3565 1378 3629 phaleris
1390 3572 1414 3614 et

305 3649 440 3716 ephippio:
466 3666 518 3700 non
542 3650 609 3698 enim
631 3665 725 3715 equum
748 3649 849 3716 damna
884 3652 1017 3718 ephippio:
1041 3668 1093 3702 non
1117 3651 1184 3702 enim
1202 3649 1413 3715 equanacum,

304 3734 350 3784 aad
372 3732 495 3783 Asinum:
524 3749 633 3784 aureum
660 3742 752 3786 tamen.
792 3735 850 3786 Has
883 3735 928 3786 sed
940 3736 1050 3786 Asinum
1068 3749 1177 3786 aureum
1195 3741 1287 3788 tamen.
1318 3742 1414 3786 etcum

306 3835 406 3884 quoque
425 3817 478 3870 aL.
504 3817 643 3870 Vulcanius
667 3819 850 3885 suppeditabit,
884 3837 912 3870 eo
930 3818 1054 3884 quiequid
1067 3818 1177 3889 Apuleio
1195 3818 1354 3870 huicnostro
1367 3817 1413 3868 ad·

305 3918 351 3952 nec
370 3901 547 3952 commissurus
566 3911 614 3966 eat,
637 3904 711 3954 utin
728 3904 777 3955 bac
793 3904 849 3955 edi·
883 3904 1007 3970 scriptitas
1017 3904 1076 3970 fuit
1094 3903 1225 3956 hactenus.
1254 3902 1414 3968 Arpunsenta

306 3986 371 4046 tione
394 3984 522 4036 desideres
545 3987 690 4052 quicquam.
731 3989 774 4038 De
796 3987 849 4038 edi·
884 3988 956 4040 libris
972 3987 1209 4053 Metamorphoseon
1221 3985 1414 4052 praemisimus,

306 4071 373 4119 tione
390 4067 437 4118 bac
454 4079 535 4120 anun
553 4060 650 4134 dicam,
670 4079 722 4121 tam
740 4072 849 4122 dissimi-
884 4081 913 4124 ut
930 4089 1034 4138 scopum
1050 4074 1161 4124 cuatonis
1179 4071 1267 4122 videat
1279 4070 1356 4120 lector
1367 4086 1413 4119 an-

306 4155 353 4202 tean
372 4151 506 4216 prioribus
529 4169 675 4220 essequam
692 4155 735 4206 iiie
752 4156 850 4206 Asiam
885 4167 986 4223 tequam
1002 4157 1100 4222 ipeuan:
1125 4173 1157 4208 ea
1179 4173 1193 4206 e
1216 4153 1348 4206 Beroaldo
1370 4153 1413 4204 de-

306 4235 510 4302 Apuleiana,
536 4239 581 4302 qui
598 4247 659 4302 post
677 4248 710 4290 tot
728 4239 794 4289 male
804 4239 848 4304 fe·
883 4241 1026 4294 sumsimus.
1062 4242 1104 4292 De
1127 4240 1237 4291 editione
1265 4239 1312 4290 boc
1333 4254 1414 4288 maana
