3226 5026
307 487 387 529 mm
608 465 715 518 lSAACl
728 464 913 518 casavssoru
926 465 1114 520 PRAEFATIO

307 641 368 685 nus
390 618 530 684 venient.
569 618 622 684 En
642 617 742 706 igitur
765 617 823 683 tibi
843 619 982 707 Iosephe
998 618 1146 708 Scaliger
1167 621 1318 711 princeps
1343 648 1413 692 eru-

197 770 205 782 ·
307 725 462 808 diturum,
497 747 674 813 paucorum
709 724 832 791 dierum
867 725 987 808 dicam,
1023 751 1065 792 en
1097 715 1248 803 herorum
1277 730 1415 797 foetum:

308 811 404 918 duem
428 830 488 896 etsi
510 825 674 918 ὑπηνέμιον,
702 853 797 898 susus
822 854 892 897 sum
915 833 1040 898 muneri
1063 832 1123 899 tibi
1145 833 1283 900 mittere.
1328 835 1412 902 Nam

307 947 340 1004 et
362 937 523 1026 gestiebat
544 936 668 1024 pridem
692 937 817 1002 animus
840 937 905 1002 mei
927 937 961 1002 in
983 947 1016 1003 te
1039 940 1156 1006 amoris
1180 949 1276 1028 atque
1307 943 1414 1009 obser-

306 1042 435 1110 vantiae
459 1052 702 1110 monumentum
726 1042 857 1130 aliquod
879 1043 913 1109 in
934 1045 1052 1132 vulgus
1076 1044 1188 1113 edere:
1212 1055 1245 1111 et
1261 1069 1313 1114 me
1328 1072 1414 1116 nunc

306 1147 438 1216 illustris
461 1149 509 1215 tui
531 1149 671 1216 nominis
693 1147 873 1238 patrocinio
897 1172 970 1216 cum
992 1151 1132 1218 maxime
1153 1151 1299 1241 indigere
1314 1155 1414 1242 probe

306 1254 535 1342 intelligebam.
576 1255 627 1321 'Pu
650 1279 692 1322 ne
715 1254 939 1322 auctoritatem
963 1257 1120 1345 defugiae,
1144 1282 1203 1347 per
1225 1281 1287 1346 ego
1310 1269 1342 1325 te
1358 1283 1414 1326 no-

307 1369 407 1427 stram
436 1360 627 1447 amicitiam,
657 1363 754 1428 stiam
785 1369 881 1448 etque
910 1362 1008 1428 etiem
1037 1386 1117 1452 rogo
1142 1372 1238 1452 atque
1261 1367 1411 1432 obtestor.

305 1467 415 1534 Debes
438 1469 501 1534 hoc
524 1468 613 1551 mihi,
637 1468 686 1534 vir
707 1467 918 1552 nobilissime,
943 1469 1056 1536 debes:
1083 1470 1138 1558 qui
1161 1471 1224 1536 tuis
1245 1471 1346 1538 literis
1369 1472 1414 1537 ita

307 1597 358 1639 me
381 1597 484 1663 nuper
507 1575 672 1660 excitasti,
696 1574 742 1640 ita
764 1574 944 1660 ἐπτέρωσας,
968 1584 1005 1641 ut
1027 1575 1055 1640 si
1078 1577 1155 1663 quid
1178 1577 1212 1643 in
1230 1578 1292 1643 hoc
1314 1599 1413 1666 nego-

306 1680 351 1745 tio
375 1680 588 1748 confidentius
611 1706 629 1748 e
653 1704 704 1748 me
729 1680 776 1771 sit·
792 1680 981 1748 admissum:
1005 1681 1038 1747 id
1062 1706 1123 1770 ego
1144 1707 1210 1750 non
1225 1693 1292 1751 tem
1307 1708 1414 1752 meum

306 1808 405 1874 quam
428 1795 519 1853 tuum
542 1776 696 1868 iudicium
720 1795 856 1872 secutus,
881 1787 1095 1875 peccaverim.
1136 1787 1228 1868 Quae
1250 1813 1328 1878 ergo
1345 1791 1413 1856 eius

246 1959 249 1965 Α
306 1891 435 1981 generis
458 1903 561 1978 erunt,
587 1917 624 1960 ea
647 1903 693 1978 tu,
717 1915 775 1980 pro
798 1893 907 1959 divina
923 1893 979 1959 illa
994 1904 1050 1960 tua
1067 1894 1314 1982 aequanimitate
1331 1919 1412 1982 quae

306 2022 358 2065 me
386 2022 452 2065 non
478 2000 525 2066 ita
553 1999 679 2087 pridem
708 1981 747 2065 in·
771 1999 922 2066 ruborem
946 2000 1043 2084 dedit,
1066 2001 1253 2067 excusabis:
1276 2024 1334 2088 pro
1358 2001 1413 2068 illa

307 2105 462 2194 singulari
485 2106 678 2190 eruditione,
708 2129 772 2194 qua
796 2129 907 2174 omnes
930 2107 1081 2174 mortales
1102 2107 1137 2172 in
1159 2107 1206 2173 tui
1229 2107 1411 2174 admiratio·

305 2234 380 2278 nem
404 2213 553 2301 rapuisti,
584 2213 742 2301 corriges:
773 2237 826 2296 ac,
850 2238 908 2302 pro
932 2222 1004 2297 tuo,
1028 2212 1140 2301 tuique
1161 2213 1304 2302 parentis
1327 2215 1412 2282 illius

305 2317 417 2408 Sophi,
441 2344 541 2405 more,
565 2343 648 2409 quae
671 2319 764 2387 nobis
788 2320 924 2406 aliisque
948 2329 1021 2387 sunt
1043 2319 1252 2408 incomperta,
1276 2343 1335 2386 nos
1357 2322 1411 2388 dc-

305 2427 403 2492 cebis.
449 2427 540 2492 Deus
565 2426 676 2494 ΟΡΤ.
699 2425 822 2492 ΜΑΧ.
847 2435 879 2491 te
903 2435 1009 2494 servet
1034 2427 1219 2515 Μουσηγέτα.
1258 2427 1357 2493 Vale:
1381 2438 1413 2496 et

304 2533 453 2620 proxima
475 2533 610 2616 foetura,
636 2532 662 2596 si
684 2532 785 2597 vitam
808 2531 893 2597 idem
915 2531 1016 2615 Deus,
1041 2533 1068 2598 si
1084 2519 1190 2602 ¹otium
1207 2535 1412 2618 concesserit,

305 2637 510 2705 Athenaeum
533 2659 572 2702 ae
595 2635 785 2704 Suetonium
809 2661 828 2703 a
851 2635 945 2703 nobie
969 2646 1114 2722 expects.

393 3383 574 3447 Subnectere
613 3385 683 3447 litet
720 3383 838 3446 initium
881 3381 1053 3447 Caecuboui
1083 3383 1346 3465 ‹castiputiouum›
1379 3384 1411 3446 iu

304 3489 414 3572 Apulei
436 3490 619 3572 cpolopium:

308 3577 318 3588 ⁸
364 3627 368 3637 «
391 3593 433 3659 In
455 3592 655 3660 emendando
672 3591 910 3682 elegantissimo
926 3593 987 3658 isto
1002 3591 1096 3676 libro,
1118 3592 1168 3659 usi
1184 3613 1294 3658 sumus
1309 3593 1411 3660 veteri

304 3699 445 3768 editione
460 3699 618 3781 Romana,
643 3722 726 3788 quae
745 3700 886 3766 omnium
902 3700 1006 3787 prima
1021 3722 1106 3765 anno
1123 3695 1411 3766 M.0000Lxlx.

304 3830 382 3874 cusa
405 3815 462 3872 est
501 3827 539 3872 es
561 3805 654 3872 nobis
678 3807 720 3873 ad
743 3828 873 3873 manum
890 3827 1016 3893 semper
1031 3806 1324 3893 manuscriptorum
1335 3806 1411 3882 loco

303 3911 373 3978 fuit.
412 3911 493 3978 Eius
516 3935 577 4000 ope
600 3913 734 3980 mendas
757 3935 799 3980 ex
821 3911 943 3979 tantulo
967 3911 1097 4001 scripto,
1121 3913 1275 4002 plurimas
1291 3921 1324 3978 et
1338 3935 1409 3999 gre-

303 4015 452 4083 vissimas
482 4018 675 4086 sustulimus.
721 4027 757 4085 ut
786 4018 842 4106 qui
872 4041 982 4084 eorum
1004 4018 1236 4107 negligentiam
1260 4031 1410 4083 excusem

304 4121 424 4204 nescio,
450 4123 589 4210 qui'boe
612 4124 717 4213 ipsum
741 4134 815 4191 ante
837 4146 897 4192 nos
919 4124 1067 4212 professi,
1092 4135 1158 4193 tam
1178 4125 1292 4191 leviter
1314 4123 1409 4188 eolla-

304 4227 391 4293 ticne
413 4226 499 4294 illius
522 4230 595 4296 libri
620 4231 684 4296 sint
706 4231 859 4299 defuncti.
902 4231 972 4298 Nos
997 4242 1109 4299 contra
1132 4254 1203 4298 eam
1227 4227 1409 4311 editionem,
