3226 5026
613 499 616 506 “
651 483 821 538 teutolus
857 487 858 490 ’
944 499 947 504 ’
1278 489 1298 554 5
1378 565 1381 570 Ι

111 578 155 622 nt.
170 574 274 621 ordeni.
1274 573 1436 622 crusmata.

181 651 232 707 tur
250 650 281 706 et
296 642 470 726 priusquam
490 659 576 704 causa
592 647 747 723 ageretur,
772 641 855 703 facile
870 641 1017 706 intellectu
1032 642 1125 706 cuiuis
1139 642 1205 718 huit,
1221 663 1295 725 qna-

181 745 288 810 lisnam
302 744 450 808 accusatio
464 743 563 806 hrtura
577 751 664 819 esset,
680 744 763 806 cuius
779 745 829 826 qui
842 745 938 808 fuerat
955 755 1059 808 auctu
1069 753 1098 808 ct
1113 746 1297 810 machinator

183 849 262 912 idem
276 849 340 910 lieri
350 849 507 930 professor
519 847 646 922 timeret,
662 865 696 910 ac
710 847 883 928 praesertim
900 848 1026 911 Sicinius
1040 847 1229 925 Aemilianus,
1245 851 1296 932 qui

185 952 211 1014 si
233 951 383 1032 quippiam
402 949 466 1011 ueri
485 949 517 1010 in
530 967 579 1010 me
594 950 788 1032 explorasset,
811 967 963 1030 uunquam
978 951 1111 1032 profecto
1126 960 1187 1014 tarn
1203 972 1294 1016 cuno-

147 1061 163 1112 5
183 1060 280 1116 tauter
299 1051 451 1115 hominem
465 1058 636 1114 extraneum
650 1059 696 1114 tot
708 1059 919 1134 tantorumque
933 1054 1090 1116 criminum
1105 1057 1293 1135 postulasset,

185 1157 235 1236 qui
248 1155 386 1219 auunculi
394 1155 439 1218 sui
447 1161 657 1219 testamentum
666 1157 860 1238 quoduerum
869 1156 1039 1238 sciehatpro
1050 1157 1124 1219 lalso
1136 1157 1293 1234 infamarit,

182 1265 263 1320 tanta
278 1259 395 1338 quidem
411 1259 583 1339 pertinacia,
598 1265 632 1322 ut
646 1278 714 1322 cum
725 1259 836 1323 Lollius
847 1249 970 1323 Vrbicus
985 1260 1017 1320 V.
1034 1260 1065 1321 C.
1080 1278 1187 1322 uerum
1201 1263 1295 1326 uideri

111 1383 171 1442 (sss)
183 1367 213 1422 ct
226 1366 323 1422 ratum
334 1379 399 1422 esse
410 1360 517 1424 debere
527 1363 564 1426 de
576 1362 697 1424 consilio
710 1361 913 1444 consularium,
919 1363 1055 1425 uirorum
1066 1358 1294 1443 pronuntiasset,

184 1469 286 1526 conha
301 1463 465 1526 clarissima
478 1483 551 1528 uoce
565 1465 706 1527 iurauerit
719 1465 950 1528 uecordissimus
965 1465 1020 1526 iste
1034 1472 1147 1540 umen,
1163 1467 1234 1528 illud
1247 1473 1294 1528 te-

131 1583 165 1635 10
185 1571 363 1628 stamentum
377 1563 479 1628 lictum
494 1585 574 1641 esse,
594 1566 667 1630 adeo
682 1573 717 1628 ut
730 1583 815 1647 aegre
828 1567 939 1628 Lollius
954 1567 1077 1629 Vrbicus
1091 1567 1127 1628 ab
1143 1568 1205 1630 cius
1221 1587 1291 1648 per-

183 1667 258 1730 nicie
282 1669 459 1749 temperarit.
509 1687 598 1749 quam
624 1669 743 1748 quidem
767 1685 873 1729 uocem
899 1674 928 1728 et
946 1675 997 1730 tua
1015 1669 1159 1749 aequitate
1178 1677 1208 1738 et
1227 1689 1292 1732 mea
1309 1685 1342 1749 111

182 1766 358 1852 inlnoccntia
374 1770 469 1832 iratus
488 1789 576 1850 spero
595 1770 627 1831 in
645 1772 703 1832 hoc
717 1787 836 1850 quoque
849 1770 956 1832 iudicio
971 1779 1161 1851 empturum,
1184 1772 1292 1852 quippe
1306 1797 1361 1839 aas.

184 1871 235 1953 qul
254 1870 349 1934 sciens
367 1871 555 1934 innocentem
578 1872 750 1934 criminatur
769 1891 804 1934 eo
827 1891 897 1934 sane
910 1872 1038 1948 faciliuS,
1066 1873 1233 1954 quodiam,
1259 1882 1294 1938 ut

112 1999 171 2054 (us)
184 1975 252 2047 dixi,
267 1974 412 2036 mentiens
423 1975 502 2055 apud
516 1975 698 2057 praelectum
719 1975 785 2038 urbi
800 1975 831 2037 iu
845 1975 1025 2056 amplissima
1040 1991 1127 2037 causa
1138 1977 1292 2038 conuictus

130 2093 163 2145 15
183 2083 236 2140 est.
267 2093 395 2157 namque
417 2083 571 2158 peccatum
593 2079 685 2139 semel
703 2085 737 2140 ut
755 2077 853 2139 honus
872 2078 996 2157 quisque
1015 2085 1118 2157 postca
1139 2077 1290 2140 sollicitius

182 2185 278 2255 canet,
298 2179 339 2241 ita
353 2179 403 2260 qui
416 2179 533 2260 iugenio
549 2181 627 2242 malo
642 2187 688 2242 est
702 2179 896 2244 confidentius
910 2179 1049 2259 integrat,
1069 2199 1103 2240 ac
1116 2180 1175 2242 iam
1190 2181 1226 2242 de
1240 2199 1290 2242 ce-

181 2290 246 2346 tero
261 2301 320 2362 quo
335 2282 466 2363 saepius,
485 2301 521 2344 eo
541 2283 670 2364 apertius
690 2282 840 2360 delinquit.
875 2280 973 2361 pudor
991 2281 1070 2342 enim
1088 2282 1180 2343 ueluti
1197 2282 1289 2343 uestis

182 2392 292 2468 quanto
304 2385 464 2448 obsoletior
473 2392 527 2461 est,
539 2394 621 2448 tanto
632 2385 809 2448 incuriosius
819 2383 952 2447 hahetur.
975 2390 1004 2444 et
1014 2383 1079 2444 ideo
1090 2383 1290 2446 necessarium

183 2488 310 2552 arbitror
328 2506 383 2570 pro
402 2489 565 2569 integritate
586 2487 709 2570 pudoris
724 2487 796 2562 mei,
816 2481 989 2567 priusquam
1004 2487 1114 2548 adrem
1128 2486 1288 2567 aggrediar,

128 2602 163 2654 tu
183 2585 352 2677 malelidicta
366 2590 465 2653 omnia
477 2591 615 2654 refutare.
638 2590 770 2654 sustineo
785 2589 864 2652 enim
878 2606 941 2650 non
955 2588 1045 2651 modo
1060 2601 1168 2665 meam,
1182 2607 1288 2652 uerum
1300 2611 1386 2656 suom

182 2695 270 2761 etiam
284 2693 487 2778 philosophiae
501 2694 713 2767 defensionem,
728 2693 811 2756 cuius
825 2692 997 2772 magnitudo
1012 2692 1060 2753 uel
1074 2692 1227 2754 minimam
1240 2711 1291 2756 re-

181 2798 408 2882 prehensionem
418 2800 623 2880 promaciano
637 2797 759 2860 crimine
770 2803 957 2878 aspernatur:
972 2783 1094 2875 propter
1108 2795 1187 2875 quod
1202 2795 1290 2875 paulo

182 2901 265 2986 prius
276 2901 393 2983 patroni
403 2899 555 2964 Aemiliani
569 2901 663 2963 multa
676 2901 707 2962 in
718 2917 767 2962 me
777 2897 897 2979 proprie
908 2897 1032 2958 conficta
1046 2903 1075 2957 et
1088 2897 1142 2958 alia
1153 2913 1290 2958 commu-

183 3003 260 3069 niter
273 3005 305 3067 in
315 3004 509 3087 philosophos
522 3012 642 3066 wmssta
651 3002 687 3066 ab
697 2999 842 3082 imperitis
852 2999 1052 3061 mercennaria
1060 2998 1235 3077 loquacitate
1246 2997 1291 3060 cl·

252 3161 265 3212 1
284 3159 355 3229 prins
372 3174 431 3226 qu..
449 3175 473 3226 φ
503 3156 515 3226 Ι
542 3157 702 3226 2prol'essor
719 3167 746 3210 et
760 3158 930 3220 machinator,
950 3155 1016 3206 idem
1036 3153 1095 3204 fieri
1110 3160 1200 3205 auctor
1216 3151 1291 3221 va:

184 3243 347 3313 lrmspasus't
357 3240 482 3292 masas
502 3237 515 3308 Ι
535 3239 685 3290 3timereF
709 3237 714 3308 Ι
737 3243 800 3310 post
809 3236 965 3290 Aemilianus
977 3238 1004 3287 in
1016 3233 1142 3287 Frasura
1161 3230 1172 3301 Ι
1190 3234 1291 3285 4nrm-

184 3392 257 3447 quam
268 3392 286 3428 v
311 3374 317 3443 Ι
343 3379 476 3426 canuntur
488 3390 505 3425 v
526 3371 539 3444 Ι
563 3319 796 3444 dextdidd'dgdmpip)
818 3371 829 3442 ΙΙ
853 3369 1008 3424 dinlamarit
1020 3387 1042 3436 ς,
1058 3367 1191 3421 infamaret
1203 3367 1266 3436 va
1284 3366 1293 3435 ΙΙ

185 3461 200 3510 7
210 3462 272 3528 post
282 3455 421 3524 pertinacia
433 3457 461 3508 iss
473 3457 493 3508 F
506 3472 610 3520 rasura,
623 3455 757 3521 perti.....
772 3463 804 3527 φ’,
816 3454 956 3523 peruicatia
965 3470 982 3504 v
1005 3451 1010 3519 Ι
1035 3451 1204 3523 poleollius
1213 3449 1291 3502 Vrbi-

184 3539 523 3606 cnss'sallrasuramagua,
538 3540 715 3606 atqueatoue
724 3537 789 3588 nitu
799 3535 900 3589 us'sirc
927 3535 931 3603 Ι
958 3533 1076 3586 Loliusv
1103 3531 1116 3604 ΙΙ
1144 3532 1292 3584 Sconsilia-

183 3621 248 3672 mum
259 3619 373 3690 Lipsius,
385 3619 584 3670 clarissimorum
595 3616 738 3671 Salmasius
763 3618 769 3687 Ι
794 3617 988 3687 pronunciasset
1001 3632 1042 3686 ‹pv
1064 3612 1076 3684 Ι
1099 3616 1115 3665 9
1127 3611 1293 3665 clarissimam

183 3715 273 3754 uocem
284 3701 357 3769 Fapv:
375 3699 699 3753 smmdasttCasauhaaus
722 3697 733 3770 Ι
759 3700 791 3751 10
801 3699 920 3750 Loliusv
947 3697 951 3766 Ι
981 3695 1039 3762 eju
1063 3693 1074 3764 Ι
1103 3697 1134 3746 12
1147 3703 1293 3761 erupturam

184 3782 259 3850 va:
277 3781 420 3833 manvu
435 3781 600 3834 Carantonus
628 3779 638 3848 Ι
668 3782 700 3832 14
717 3780 821 3849 dixitqp
847 3778 851 3846 Ι
882 3778 988 3847 urbiscp
1015 3776 1026 3846 ΙΙ
1055 3777 1087 3826 16
1101 3777 1239 3844 postmalo
1253 3783 1294 3826 est

182 3861 246 3914 solt
262 3877 357 3916 rasura
383 3860 394 3931 Ι
424 3862 455 3913 18
472 3863 630 3914 obsolentior
646 3862 693 3931 ov
724 3860 729 3928 Ι
761 3860 872 3914 estaisF
889 3859 1000 3912 deletum
1031 3858 1035 3924 Ι
1062 3855 1253 3907 incurio...sF
1282 3853 1293 3924 Ι

183 3945 214 3998 21
229 3943 307 3996 en'ta'
319 3941 350 4009 V,
363 3959 418 3996 eura
431 3961 462 4014 φ,
475 3945 539 3996 cura
551 3945 583 4009 V,
597 3945 667 3994 cuins
680 3959 693 4000 ς
713 3939 724 4011 Ι
744 3943 777 3994 22
789 3958 805 4007 p
880 3939 917 3992 Xl
944 3940 948 4008 Ι
972 3955 1012 3990 mo
1022 3935 1165 4000 criminali,
1177 3935 1293 4003 proximo

184 4026 287 4080 crimine
305 4025 361 4096 (ΙΝ,
384 4026 523 4092 proximam
540 4024 636 4077 crimini
652 4041 676 4082 ςι
698 4039 744 4092 pro
761 4024 868 4076 maximo
890 4021 993 4072 crimine
1010 4019 1226 4085 dimovebantur,
1246 4034 1292 4089 pro

184 4123 279 4161 summo
292 4105 396 4158 crimine
407 4105 513 4176 Lipsius
540 4106 543 4175 Ι
570 4103 820 4173 proptereaColas'us
843 4099 854 4173 Ι
877 4103 910 4156 23
927 4103 953 4154 in
969 4117 1008 4154 me
1025 4103 1099 4172 p'eqp
1126 4097 1130 4170 Ι
1154 4101 1294 4152 comuniter

184 4189 229 4259 Vp
254 4185 265 4258 Ι
290 4189 323 4240 24
341 4197 449 4240 consuta
464 4190 569 4260 scripsi:
587 4196 661 4239 sueta
672 4188 693 4239 F
705 4190 733 4240 isa
748 4202 858 4251 rasura,
875 4192 948 4236 sueta
961 4183 1021 4235 ficta
1034 4203 1070 4253 φ,
1089 4189 1162 4234 sueta
1174 4183 1209 4234 V:
1227 4184 1294 4234 iactu

185 4269 293 4322 Crustas
313 4269 330 4322 1.
347 4269 373 4322 d.
388 4287 415 4341 p.
436 4272 481 4336 53,
503 4270 569 4321 dicta
586 4267 684 4323 Vuuas
704 4268 740 4321 ad
756 4266 826 4323 Grai.
846 4267 940 4336 Opaag.
960 4265 1022 4332 379,
1039 4265 1142 4316 inuenta
1157 4263 1262 4317 Iahnius
1286 4263 1296 4332 ΙΙ

184 4403 219 4456 24
234 4405 406 4458 nocens-ris
417 4405 472 4476 Vp,
483 4405 686 4458 mercennarias
711 4404 716 4474 Ι
742 4361 917 4472 eidtieruntap
945 4400 955 4471 Ι
