3232 5028
671 431 843 490 fflfflffl
967 473 972 482 ·
1274 444 1316 506 bt

132 525 175 567 aa.
190 521 293 567 massa
1285 527 1373 572 ansa
1388 531 1462 576 aas..

203 591 253 656 diu
267 589 416 672 ablegatus
436 595 492 664 est,
513 589 544 653 in
558 589 736 672 longinquos
755 603 852 672 agros,
872 606 911 654 ns
929 589 1072 656 iuudliam
1091 594 1312 673 ecnuminsset,

203 695 283 776 qued
301 695 343 756 ita
360 695 473 758 factum
490 708 546 755 nec
564 692 600 755 ab
619 691 676 756 illis
695 691 796 774 negari
810 698 918 773 potest.
953 711 988 758 ee
1008 710 1065 758 nee
1082 696 1180 776 potuit
1192 696 1313 760 hedes

203 797 290 860 nobis
305 797 444 860 exhiberi.
473 813 543 858 nam
556 802 591 859 ut
605 796 702 858 omma
716 795 774 858 ists
787 796 933 860 accusatio
948 796 1103 860 umeraria
1117 804 1147 860 et
1160 799 1313 882 repentina

203 900 269 976 luit,
288 899 398 963 nudius
416 899 521 962 tertius
539 899 627 961 nebis
648 897 830 960 Aemilianus
847 899 1044 974 denuntiauit,
1071 906 1105 963 ut
1127 919 1231 964 seruos
1253 917 1311 966 nu·

168 1017 183 1068 t
204 1019 288 1066 mero
309 1002 474 1083 quindecim
494 1001 572 1083 apud
597 1008 627 1063 te
644 1001 860 1064 exhiberemus.
904 1000 1012 1065 adsunt
1035 999 1312 1090 amnuerdecim,ss

204 1105 256 1186 qui
268 1105 300 1166 in
315 1104 423 1185 oppidu
439 1111 530 1166 arant.
560 1103 680 1165 Thallus
696 1102 787 1176 selus,
802 1108 837 1165 ut
850 1101 919 1178 diui,
935 1105 1408 1182 quedfsrmeadccntesi-r.11n.

132 1233 190 1286 (ιιι)
204 1223 289 1270 mum
308 1205 434 1287 lapidem
453 1207 541 1285 lenge
561 1204 629 1289 exal
647 1215 697 1276 est,
717 1209 742 1266 is
760 1205 880 1268 Thallus
895 1206 978 1267 solus
992 1205 1085 1280 abest,
1105 1207 1157 1268 sad
1176 1207 1312 1270 misimus

203 1309 253 1390 qui
267 1327 336 1372 eum
351 1309 496 1372 curriculo
512 1308 646 1370 aduehat.
674 1307 832 1389 interroga,
846 1308 979 1384 Maxime,
995 1308 1229 1388 quattuordecim
1248 1327 1312 1373 ser·

202 1427 258 1474 ues
273 1428 349 1490 quos
363 1410 546 1485 exhibemus,
567 1409 688 1471 Thallus
707 1427 783 1490 puer
796 1409 848 1471 ubi
862 1409 900 1471 sit
914 1416 944 1470 ct
958 1427 1047 1488 mam
1067 1412 1149 1474 salue
1170 1417 1244 1492 agat,
1263 1410 1311 1473 in·

150 1527 182 1580 tu
202 1520 319 1593 tarruga
334 1531 439 1575 serues
453 1518 659 1574 accusatorum
674 1529 821 1574 mecrann.
850 1527 913 1573 nen
926 1513 1084 1592 negabunt,
1104 1513 1311 1594 turpissimum

202 1633 328 1700 puerum
339 1632 466 1696 corpere
479 1614 560 1696 putri
574 1620 604 1676 et
617 1613 754 1676 morbido
766 1615 920 1688 caducum,
934 1613 1103 1691 barbarum,
1117 1615 1309 1678 rusticanum.

201 1718 310 1781 bellum
324 1735 397 1780 uero
411 1735 539 1799 puerum
553 1716 690 1797 elegistis,
711 1733 799 1796 quem
814 1716 880 1796 queis
895 1715 1036 1778 sacrificio
1057 1717 1202 1792 adhibeat,
1227 1718 1311 1780 auius

203 1825 291 1901 caput
304 1820 464 1899 contingat,
485 1836 573 1898 quam
588 1836 665 1901 pure
684 1819 771 1899 pallia
786 1817 911 1893 amiciet,
932 1836 949 1879 a
969 1837 1027 1899 que
1043 1836 1222 1900 responsum
1241 1837 1310 1900 spe·
1388 1861 1391 1868 ,

202 1929 256 1986 ret.
290 1923 397 1984 uellem
415 1923 514 1984 hercle
528 1922 658 1983 adesset:
681 1921 835 1996 dhisum,
855 1919 1025 1995 Aemiliana,
1044 1921 1256 2002 permisissem,
1277 1929 1312 1984 ut

150 2039 182 2092 15
201 2032 327 2099 meres,
343 2024 368 2086 si
382 2031 416 2086 tu
430 2024 636 2104 interrogares.
659 2023 718 2085 iam
732 2023 763 2085 in
778 2023 874 2085 media
889 2023 1059 2102 quaestione
1074 2023 1122 2084 hie
1132 2023 1240 2086 ibidem
1255 2040 1310 2104 pro

201 2127 338 2192 hmunali
354 2129 456 2190 oculas
475 2134 576 2190 truces
594 2128 626 2188 in
644 2133 674 2188 te
698 2126 877 2200 inuertisset,
896 2124 1001 2188 faciem
1019 2132 1102 2186 tuam
1127 2123 1311 2206 spumabun-

202 2229 258 2294 dus
272 2229 469 2309 eonspuissct,
484 2243 590 2291 manus
606 2227 809 2302 contraxisset,
829 2235 917 2309 caput
931 2227 1136 2302 succussisset‚
1156 2233 1310 2308 postremo

200 2331 233 2393 in
246 2329 313 2392 sinu
327 2337 380 2391 tuo
396 2317 564 2392 censuisset.

287 2430 527 2504 Quattuerdeeim
550 2447 656 2493 seruus
681 2447 757 2512 quos
774 2431 936 2512 postulasti·
951 2429 1083 2493 exhibeo.
1124 2447 1178 2494 cur
1195 2431 1251 2494 illis
1271 2431 1307 2494 ad
1328 2445 1458 2503 xxxxv

148 2553 181 2604 ιο
202 2533 407 2616 quandonam
419 2532 492 2602 nihil
505 2530 619 2595 uteris?
644 2549 739 2595 unum
754 2551 882 2614 puerum
901 2539 989 2614 atque
1008 2551 1078 2595 eum
1098 2533 1242 2595 caducum
1261 2551 1311 2596 re-

202 2635 304 2719 quiris,
320 2652 408 2714 quem
427 2631 434 2718 Ι
452 2633 523 2702 alim
537 2634 639 2697 abessa
654 2635 764 2716 pariter
777 2653 896 2698 mecum
910 2633 978 2698 scis.
1014 2653 1088 2715 quae
1106 2635 1161 2698 alia
1182 2643 1228 2698 est
1246 2635 1310 2700 eui·

201 2739 318 2803 denticr
332 2735 499 2800 aalma?
514 2738 749 2818 psauuurdeeim
764 2739 843 2802 sensi
853 2738 948 2820 petitu
961 2744 1014 2800 tuo
1026 2737 1142 2813 adsunt,
1158 2756 1210 2800 ees
1222 2737 1310 2800 dissi·-

200 2843 311 2917 mulas3
330 2859 409 2904 unus
423 2841 566 2922 puerulus
581 2840 673 2916 abest,
689 2859 758 2902 aum
772 2841 935 2904 insimulas.
964 2847 1129 2921 pestremo,
1149 2841 1219 2920 quid
1238 2837 1309 2904 uisi

201 2952 273 3027 puta
287 2943 424 3008 Thallum
436 2942 549 3006 adesse.
578 2941 625 3004 uis
645 2942 781 3024 probare,
802 2961 872 3004 eum
890 2950 1043 3024 praesente
1063 2961 1112 3004 me
1132 2942 1308 3006 concidisse:

148 3064 181 3114 ab
201 3047 280 3110 ultro
296 3045 448 3110 confiteor.
479 3044 609 3106 carmine
623 3045 653 3107 id
667 3044 779 3106 factum
794 3045 880 3107 dicis:
897 3045 954 3106 hec
967 3062 1042 3126 puer
1056 3046 1158 3119 nescit,
1179 3063 1233 3125 ego
1248 3060 1310 3108 non

155 3136 187 3198 s
201 3150 313 3212 factum
327 3149 457 3212 reuineu.
483 3166 564 3210 nunc
578 3148 721 3209 caducum
734 3166 798 3209 asse
812 3165 939 3228 puerum
950 3165 1006 3210 nec
1019 3154 1052 3209 tu
1063 3146 1183 3209 audebis
1194 3164 1309 3226 negare.

203 3270 257 3315 cur
277 3269 346 3331 erge
363 3250 485 3312 carmini
504 3250 604 3330 petius
625 3269 713 3330 quam
733 3250 840 3314 morbo
860 3250 1037 3336 attribuatur
1056 3251 1120 3313 eius
1140 3247 1248 3312 ruina?
1273 3267 1311 3311 an

203 3353 322 3419 euenire
337 3369 399 3415 non
418 3353 524 3434 potuit,
546 3359 581 3415 ut
604 3354 681 3416 forte
704 3360 858 3436 praesente
879 3371 929 3415 me
947 3353 1026 3415 idem
1046 3359 1205 3434 pateretur,
1231 3351 1311 3432 qued

203 3510 246 3562 diu
261 3507 339 3576 Fch,
360 3507 391 3559 de
414 3505 521 3559 emnium
538 3521 664 3558 censensu
682 3521 727 3558 rus
749 3508 792 3560 diu
809 3525 832 3566 c:
853 3510 889 3575 cs,
902 3524 964 3578 pag.
982 3509 1023 3572 55,
1041 3508 1068 3560 6:
1090 3508 1116 3559 ui
1136 3523 1180 3560 rus
1201 3522 1217 3559 a
1236 3514 1311 3558 tuere

203 3591 311 3642 omium
323 3590 347 3641 d.
361 3589 411 3640 abl.
425 3596 465 3640 est
478 3587 681 3655 Hildstrmdtas,
696 3589 1016 3655 [ni]rusabcreemuiu1u
1032 3589 1056 3642 d.
1075 3589 1125 3642 abl.
1146 3595 1187 3641 est
1203 3587 1311 3641 ltaliae

202 3671 409 3739 (Easlbdldp.
423 3671 464 3736 82)
489 3669 499 3739 ΙΙ

273 3760 379 3871 stapam
411 3803 421 3872 ll
452 3804 680 3861 adenunciuuitv
714 3801 718 3870 l
749 3805 862 3869 numme]
880 3804 904 3854 u·
917 3803 971 3870 TV,
988 3805 1029 3858 nc*
1046 3823 1078 3875 φ,
1100 3817 1230 3861 numeres
1256 3801 1267 3872 fl
1296 3801 1312 3855 b

204 3885 399 3952 exiberemusap
425 3884 430 3952 Ι
460 3885 511 3936 xiiii
526 3885 571 3954 Fp
599 3885 609 3955 i
639 3887 714 3937 brus
727 3885 866 3952 ablegatus,
878 3892 907 3936 ut
919 3885 979 3951 dixi,
991 3877 1115 3954 quideme
1134 3883 1144 3953 ΙΙ
1169 3884 1311 3951 Texulest,

203 3965 445 4022 lslllldsdmde'us:
471 3981 504 4016 ex
522 3966 586 4018 eleis
602 3967 655 4037 up,
681 3983 714 4020 ex
731 3967 796 4032 aleis
812 3967 844 4032 V,
866 3982 898 4018 ex
915 3967 1023 4025 cculisc
1046 3966 1055 4036 {l
1085 3967 1163 4019 exilii
1180 3965 1224 4035 Fcp
1252 3963 1262 4032 ss
1295 3967 1312 4019 9

202 4049 368 4117 exibamuscp
392 4046 403 4117 Ι
428 4048 459 4099 10
469 4056 675 4101 acmratemmv
691 4048 701 4120 l
720 4051 752 4103 la
764 4050 901 4114 contingat]
915 4049 999 4112 cingat
1011 4048 1039 4102 V
1038 4049 1155 4101 ιιιιωιιιιε
1172 4047 1183 4112 l
1206 4047 1312 4100 illier-

433 4131 443 4168 ι

203 4185 288 4236 cules
311 4183 316 4251 Ι
339 4185 431 4238 adame
454 4185 478 4252 ῑφ
501 4180 512 4251 l
541 4183 572 4234 ll
586 4189 612 4236 st
628 4185 659 4237 15
672 4192 698 4236 et
709 4192 821 4238 tenerem
833 4184 857 4239 V
880 4184 891 4255 ΙΙ
916 4185 948 4238 lb
964 4184 1045 4238 trucis
1057 4199 1099 4255 <pv
1123 4183 1133 4254 11
1159 4185 1191 4238 19
1203 4185 1254 4237 xiiii
1265 4185 1312 4254 Tap

202 4266 210 4334 i
228 4263 261 4318 m
273 4267 413 4334 calumpnia
426 4286 449 4337 φ
475 4266 480 4338 Ι
506 4265 561 4318 xiiii
572 4265 611 4318 nv
634 4263 645 4334 l
669 4267 703 4318 ab
715 4269 786 4332 nuuc]
799 4283 857 4321 num
868 4267 904 4322 V:
917 4283 974 4320 nam
985 4268 1100 4320 Bessadae
1126 4265 1137 4337 fl
