3226 5026
295 472 335 516 m
754 449 943 504 PRAEFATIO

297 602 445 672 Graecae
468 623 599 690 prorsus
623 602 823 691 imperitum:
850 603 890 669 de
912 602 1092 670 recentiore
1115 626 1153 670 ac
1176 600 1271 668 docta
1293 624 1401 684 manu,

297 731 394 797 qnam
436 708 549 775 eadem
590 708 625 776 in
662 709 809 796 margine
847 709 1015 776 emendate
1053 708 1288 795 diligenterque
1327 729 1401 772 con-

297 812 462 901 scripsisse
489 811 668 880 Bandinlus
704 823 828 896 narrat,
863 813 1038 881 Muellerus
1073 823 1105 880 et
1131 813 1290 882 Nissenus
1323 812 1403 878 nihil

237 956 240 967 ‹
297 919 419 988 dicunt.

305 1038 308 1042 '
385 1026 431 1093 ΙΙ.
470 1024 573 1092 codex
607 1024 844 1092 Laurentianus
878 1023 1051 1090 XXVIIII
1085 1024 1106 1090 2
1138 1023 1403 1090 membranaceus

295 1134 400 1200 forma
428 1130 570 1198 maxima
598 1130 726 1219 paginis
748 1131 897 1198 bifariam
920 1128 1030 1196 divisis
1053 1128 1155 1195 literis
1178 1126 1402 1216 Langobardi·

298 1236 354 1320 cis,
378 1235 490 1324 primis
514 1243 666 1322 quattuor
687 1236 773 1302 foliis
796 1259 869 1302 cum
888 1235 991 1323 quinti
1009 1233 1140 1301 dimidio
1157 1233 1309 1320 exceptis,
1334 1255 1402 1300 sae·

298 1343 369 1410 culo
392 1340 588 1422 duodecimo·
607 1365 650 1408 ex
674 1341 784 1408 codice
807 1341 1025 1408 Laurentiano
1048 1339 1238 1406 vama
1260 1339 1401 1426 descrip-

297 1460 366 1533 tus,
391 1447 481 1516 cuius
504 1448 539 1514 in
562 1447 652 1514 calce
674 1471 793 1514 nomen
815 1444 982 1514 Francisci
1005 1445 1133 1512 Aretini
1155 1445 1282 1534 legitur.
1309 1468 1402 1512 con-

257 1575 260 1583 ’
299 1565 363 1625 stat
381 1555 467 1624 foliis
490 1553 618 1642 scriptis
643 1553 694 1619 79.
717 1552 842 1619 insunt:

411 1661 445 1747 1)
469 1662 491 1726 f.
517 1661 680 1726 1-24b:
703 1657 823 1746 Apulei
846 1659 887 1725 de
908 1657 1017 1746 magia
1039 1656 1131 1723 liber.

409 1765 445 1853 2)
468 1766 491 1830 f.
516 1765 733 1830 24b-73b:
756 1762 875 1852 Apulei
899 1761 1199 1848 metamorphoseon
1220 1759 1295 1826 libri
1316 1759 1376 1824 XI.

410 1869 446 1954 3)
469 1867 492 1934 f.
517 1869 733 1934 73b-79b2
756 1867 876 1955 Apulei
897 1867 1084 1934 floridorum
1107 1866 1182 1933 libri
1205 1865 1288 1932 IIII.

388 1975 490 2042 Recte
526 1974 651 2040 monuit
678 1973 820 2056 Keilius‚
856 1959 960 2040 <tuias
993 1975 1107 2038 codicia
1139 1975 1283 2038 animiam
1311 1975 1346 2037 ia
1372 1994 1405 2037 eo

298 2105 384 2148 asam
409 2102 483 2162 ease,
507 2083 593 2164 ped,
617 2101 683 2146 cam
706 2101 722 2145 e
744 2087 842 2145 vetere
864 2087 924 2144 inm
946 2102 1014 2145 cam
1036 2082 1201 2144 recentiore
1222 2101 1315 2144 marea
1332 2101 1405 2144 aaa·

300 2192 370 2254 dam
393 2193 546 2254 correctas
567 2193 637 2252 erat
657 2189 825 2270 descriptus
847 2190 896 2271 eit,
920 2207 1009 2270 saepe
1019 2189 1158 2270 priorem
1174 2188 1358 2268 scriperem
1373 2188 1406 2250 ia

298 2297 351 2362 iilo
379 2301 432 2358 aut
453 2314 586 2377 prorem
615 2294 740 2357 deletam
769 2300 823 2357 act
848 2297 890 2358 itu
917 2295 1071 2376 affectam,
1101 2299 1135 2356 ai
1155 2294 1220 2356 cine
1241 2291 1297 2356 tali
1319 2293 1405 2356 adiu-

298 2409 395 2466 meato
416 2407 496 2467 certo
511 2402 650 2482 cognosci
663 2405 796 2482 aeqaaeot,
818 2401 1019 2464 demonstreb.
1058 2395 1198 2462 correxit
1211 2417 1289 2461 vero
1305 2397 1406 2462 multa

300 2505 469 2595 apologiae
497 2505 598 2570 verba
627 2526 740 2569 manus
771 2504 892 2570 saeculi
921 2503 1027 2590 quarti
1056 2502 1110 2568 vel
1138 2500 1242 2589 quinti
1272 2501 1405 2568 decimi:

300 2613 401 2680 altera
433 2609 529 2698 primi
562 2609 631 2675 folii
665 2618 699 2675 et
732 2608 865 2676 secundi
894 2608 988 2674 lineis
1016 2608 1189 2675 verborum
1217 2607 1405 2696 interpreta-

300 2718 405 2784 tiones
420 2713 617 2796 immiscuit,
641 2736 724 2801 quae
747 2714 864 2780 nullius
888 2713 1042 2780 momenti
1064 2722 1147 2781 sunt
1192 2713 1290 2780 etiam
1312 2713 1406 2780 huius

300 2822 374 2890 libri
396 2819 606 2907 manuscripti
629 2829 741 2888 auctor
763 2820 824 2886 fuit
845 2820 1012 2888 literarum
1035 2818 1235 2887 Graecarum
1258 2820 1405 2909 ignarus:

302 2952 399 3017 quum
422 2928 464 2993 ob
486 2949 555 2992 rem
577 2925 678 2992 verba
694 2924 822 2993 Graeca
842 2925 1008 3014 archetypi
1023 2925 1170 3014 depinxit
1184 2926 1289 3015 potius
1310 2949 1404 3014 quam

302 3031 479 3120 descripsit.
1088 3085 1090 3090 ,

388 3137 457 3205 ΙΠ..
475 3137 578 3204 codex
593 3135 830 3204 Laurentianus
845 3136 946 3204 LIIH
963 3138 1004 3204 12
1025 3138 1288 3208 membranaceus
1303 3139 1406 3205 forma

301 3244 443 3316 maxima
471 3244 599 3312 saeculo
626 3242 738 3331 quinto
761 3243 887 3310 decimo
909 3243 1101 3311 nitidissime
1123 3254 1285 3313 exaratis.
1331 3269 1405 3311 con-

302 3359 366 3418 stat
387 3350 473 3418 foliis
497 3349 625 3438 scriptis
650 3351 723 3416 198.
747 3349 871 3417 insunt:

416 3453 450 3542 l)
473 3455 495 3521 t.
523 3455 634 3522 1—-92
656 3454 697 3520 de
720 3454 781 3522 deo
798 3454 942 3524 Socratis
965 3454 1054 3522 liber.

414 3557 450 3648 2)
474 3560 496 3626 f.
522 3560 679 3626 10-232
703 3560 850 3650 dialogus
873 3560 1039 3628 Hermetis
1060 3560 1256 3649 Trimegisti.

417 3664 452 3750 3)
485 3713 492 3731 .
517 3667 675 3733 24-38:
701 3667 751 3732 de*
764 3667 1079 3756 dogmate'Platonis
1101 3665 1176 3733 libri
1192 3665 1256 3733 III.

414 3771 450 3860 4)
476 3773 499 3839 f.
520 3772 678 3840 39—50:
701 3773 742 3839 de
764 3773 883 3842 mundo
904 3774 997 3841 liber.

415 3877 450 3968 5)
474 3879 497 3946 f.
520 3878 728 3946 51-14612:
750 3880 1052 3968 metamorphoseon
1073 3878 1148 3946 libri
1169 3878 1231 3946 XI.

391 3985 432 4052 In
461 3985 527 4050 fine
555 3994 645 4052 extat
672 3985 753 4054 haec
776 3985 983 4073 subscriptio:
1013 3989 1095 4070 ‘Epo
1118 3987 1282 4050 Sollertiae
1303 3988 1362 4068 iepi
1382 3992 1412 4049 et

304 4091 458 4156 emendem
478 4091 592 4156 Romae
604 4093 715 4174 felice
753 4099 822 4157 tum
845 4090 1019 4158 maioribus
1042 4091 1144 4158 literis
1166 4090 1283 4178 partim
1303 4089 1408 4156 rubris

305 4194 421 4284 partim
449 4193 552 4282 nigris
578 4197 677 4266 haece
701 4197 864 4286 adscripta
887 4206 976 4263 sunt:
1005 4199 1145 4282 ‹Apuleir‘
1167 4199 1315 4262 Platonici
1337 4199 1410 4262 Ma-
