3226 5026
591 1165 981 1308 r‘urarlrro

321 1441 411 1513 lntor
440 1446 548 1520 omnia
578 1469 661 1534 quae
691 1453 803 1512 extant
824 1444 944 1534 Apulei
966 1445 1191 1514 Madaurensis
1220 1448 1339 1534 scripta

231 1555 338 1619 locum
361 1552 456 1641 plane
479 1553 675 1640 singularem
698 1551 823 1618 obtinet
844 1551 1036 1639 apologia
1055 1551 1122 1616 sive
1139 1552 1184 1618 do
1207 1552 1339 1639 magia

231 1659 344 1725 liber.
388 1681 480 1742 nam,
508 1667 735 1747 praeterquam
764 1658 851 1746 quod
879 1659 960 1724 haec
990 1659 1092 1725 oratio
1119 1658 1339 1725 firmissimum

230 1764 474 1830 fundamentum
499 1773 557 1847 eat,
581 1786 645 1851 quo
669 1762 728 1828 niti
753 1762 850 1829 debet
871 1771 1016 1829 nostrum
1041 1764 1080 1829 de
1096 1763 1235 1852 Apuleio
1257 1763 1337 1830 iudi-

232 1869 333 1949 cium,
363 1869 465 1935 multa
494 1869 620 1953 insunt,
651 1891 734 1956 quae
764 1868 885 1956 optime
911 1868 1086 1952 illustrent,
1116 1869 1220 1956 qualia
1241 1868 1339 1935 fuerit

232 1975 291 2039 auh
307 1972 546 2039 Antoninorum
569 1972 704 2061 imperio
721 1972 853 2038 Africae
876 1974 1063 2061 provinciae
1088 1984 1189 2040 status
1212 1977 1336 2062 qualea-

231 2101 293 2166 que
322 2079 362 2144 de
391 2079 488 2145 rebus
518 2078 636 2145 divinia
664 2088 697 2144 et
724 2079 873 2146 humanis
903 2079 1069 2168 opiniones
1097 2081 1193 2148 illius'
1218 2083 1337 2148 saeculi

230 2185 376 2252 homiues
388 2185 569 2253 habuerint.
593 2185 718 2251 accedit
730 2187 875 2268 alterum,
888 2185 1122 2273 quodprimum
1134 2189 1175 2255 ab
1187 2187 1337 2254 Ioanne

233 2291 442 2357 [ludovico
471 2290 591 2374 Vive,
626 2299 695 2356 tum
730 2289 937 2356 aDavide
966 2290 1210 2358 Ruhnkenio
1244 2293 1336 2359 intel-

231 2398 351 2462 lectum
377 2419 444 2462 non
473 2395 514 2462 ad
537 2403 773 2484 argumentum,
797 2396 854 2462 sed
876 2396 917 2462 ad
940 2396 1068 2463 dicendi
1091 2420 1195 2485 genua
1218 2398 1252 2462 in
1274 2398 1335 2464 hac

232 2501 377 2567 oratione
406 2501 614 2589 conspicuum
637 2501 784 2590 pertinet
833 2501 912 2590 dicit
934 2502 1019 2568 enim
1044 2503 1097 2570 ille
1120 2503 1153 2568 in
1175 2525 1334 2570 commen-
1396 2495 1404 2504 ’

229 2605 311 2674 tario
340 2606 374 2672 in
396 2607 615 2695 Augustinum
645 2611 681 2673 de
709 2612 789 2674 ctra't.
818 2611 846 2674 d.
875 2610 958 2673 VIII
975 2613 1018 2676 19
1025 2633 1033 2676 :
1062 2617 1199 2675 ‹ecatcat
1217 2609 1334 2697 (Appa

230 2710 283 2799 lai)
307 2715 472 2797 Apologiae
500 2715 577 2778 duae
606 2715 642 2778 dc
669 2717 787 2798 coapta,
817 2717 850 2779 ta
873 2717 979 2799 quibua
1000 2719 1084 2780 caruit
1104 2719 1229 2780 nimiam
1251 2719 1336 2781 illam

228 2821 375 2884 ammonia
402 2822 560 2885 lasciuiam
587 2828 616 2884 et
642 2824 817 2904 antiquaria
846 2827 876 2884 ct
904 2824 1048 2887 audacter
1075 2825 1216 2886 iaaouata
1244 2824 1336 2886 verba

230 2927 522 3010 cdcommodaottpue
544 2946 576 2990 ae
589 2926 715 3008 serenat
738 2928 858 2990 dicendi
877 2931 1000 3010 perrari,
1031 2929 1087 2991 aed
1105 2930 1149 2991 ita
1171 2935 1278 3007 tamea,
1305 2935 1338 2992 ut

228 3035 328 3097 acacio
361 3051 418 3114 pao
445 3038 537 3115 pacto
565 3032 745 3114 Appuleiam
778 3035 966 3097 iateraoaccc
993 3035 1179 3115 temporaria
1201 3053 1335 3116 perrona

228 3143 415 3202 coniectaret
448 3135 663 3202 Ruhnkeni
678 3145 785 3202 autem
800 3137 835 3202 in
849 3137 1048 3224 praefatione
1063 3136 1219 3202 volumini
1230 3136 1334 3224 primo

230 3241 380 3308 editionis
404 3240 697 3330 Oudendorpianae
725 3241 868 3330 praefixa
898 3241 941 3330 (p.
969 3239 1057 3321 IIII)
1087 3241 1149 3306 hoo
1178 3249 1227 3307 est
1253 3240 1334 3307 iudi-

231 3348 331 3414 cium:
359 3356 422 3413 cecc
447 3369 520 3413 caca
547 3351 607 3412 iata
630 3350 817 3431 catc‘quc'tatit
839 3349 988 3431 affictatr'o
1011 3351 1133 3412 molesta
1155 3349 1335 3431 Appuleiam

229 3457 398 3540 kpcatibar.
446 3457 546 3519 acacio
572 3461 685 3539 tamea,
713 3475 754 3518 aa
783 3457 933 3518 molestior
960 3456 1003 3518 att
1029 3461 1126 3519 tamor
1152 3454 1334 3538 Africanae,

228 3583 284 3645 qao
307 3563 489 3642 oratwaem,
519 3563 553 3625 ia
574 3562 616 3624 tir
637 3562 754 3643 quidem
777 3561 875 3643 libris,
898 3581 973 3643 quoa
994 3583 1013 3624 a
1037 3561 1131 3624 docte
1153 3561 1212 3643 lapi
1233 3561 1334 3639 volut,

227 3673 351 3750 praeter
372 3668 490 3731 amdam
512 3673 542 3731 ct
555 3668 705 3749 podorem
727 3668 853 3750 inflavit,
876 3669 1024 3749 ceteroqui
1046 3667 1166 3730 minime
1186 3667 1274 3730 tetra
1294 3668 1338 3730 ad

229 3775 272 3854 td,
295 3775 375 3856 qaod
394 3775 506 3837 rectior
528 3777 614 3852 cacat,
638 3772 871 3854 Intelligendum.
909 3773 1017 3856 quippe
1031 3774 1064 3835 ia
1078 3771 1236 3853 Apolopia
1259 3791 1335 3852 quac

229 3900 288 3943 aaa
314 3881 348 3942 ia
373 3880 559 3944 umbraculis
585 3879 769 3942 maiarum
800 3878 939 3960 lcpcada,
968 3877 1024 3940 aed
1043 3878 1077 3938 ia
1095 3877 1168 3955 fort
1193 3877 1258 3938 lace
1279 3877 1334 3938 ta-

229 3985 324 4048 beadc
353 3989 443 4064 caret,
472 3990 534 4047 tam
563 4004 677 4048 occare
704 3990 749 4047 cat
771 3985 818 4046 tia
841 3983 962 4064 ineptiis
983 3981 1186 4062 scholasticis,
1216 3987 1249 4044 rat
1270 3982 1335 4046 ciac

228 4092 359 4155 motioni
386 4092 479 4168 nihil,
509 4097 562 4154 aut
588 4096 667 4154 certe
695 4109 755 4154 aaa
780 4091 904 4152 matam
932 4090 975 4152 ad
1001 4107 1148 4151 rammam
1176 4090 1335 4150 raritatem

228 4197 329 4260 &aare
350 4196 497 4261 videaur.
539 4197 583 4260 ad
601 4215 686 4278 pacm
708 4195 825 4259 modum
847 4197 875 4258 ri
897 4194 1009 4258 ceterae
1032 4194 1126 4258 libror
1147 4195 1331 4275 scriputura,
