3232 5028
674 438 844 497 stannum
1074 420 1079 428 '
1270 445 1311 506 57

125 533 171 576 ud.
186 528 290 574 oaaacd.
1279 528 1296 568 1.
1304 530 1365 570 run
1379 530 1456 573 Mill.

197 595 322 681 produci
336 617 389 661 eos
403 614 524 679 pueros,
540 611 615 677 quos
632 613 686 678 spe
705 594 846 660 libertatis
861 594 948 659 audio
963 597 1154 661 confirmatos
1168 595 1206 660 ad
1217 612 1306 660 men·

197 701 340 764 tiendum.
370 699 423 762 sod
444 698 517 760 nihil
536 698 662 779 amplius
683 698 764 760 dico:
784 705 820 760 ut
837 699 1010 780 producant.
1040 699 1158 779 postulo
1173 699 1263 780 igitur
1277 705 1307 762 et

196 803 306 883 flagito,
321 801 457 866 Tannoni
470 800 598 876 Pudens,
613 808 647 863 ut
659 802 776 882 expleas
792 801 871 881 quod
885 820 917 862 os
928 801 1084 881 pollicitus.
1107 802 1181 864 cedo
1196 821 1306 884 pueros

197 906 281 980 istos,
303 906 410 986 quibus
425 903 585 966 confiditis:
607 905 731 984 produc,
751 903 873 966 nomina
892 904 942 983 qui
962 903 1030 965 sint.
1060 921 1127 966 mea
1145 923 1220 984 aqua
1239 904 1307 968 licea

162 1022 178 1077 a
199 1008 236 1070 ad
255 1009 313 1070 hoc
332 1016 425 1070 utare.
462 1005 517 1080 dio,
536 1006 668 1085 inquam,
688 1005 833 1067 Tannoni.
865 1005 935 1086 quid
949 1013 1038 1081 taces,
1060 1007 1130 1085 pria
1149 1007 1305 1082 concana,

199 1111 269 1190 quid
282 1106 454 1190 respectas?
480 1109 563 1188 quod
579 1108 604 1169 si
618 1108 666 1169 hic
680 1108 774 1171 nescit
789 1109 858 1188 quid
873 1107 978 1170 dixerat
996 1112 1046 1170 aut
1058 1109 1182 1170 nomina
1197 1109 1305 1174 oblinas

198 1218 252 1286 cst,
268 1218 353 1286 altu,
367 1211 538 1285 Aemiliane,
554 1210 624 1296 ccdp
639 1211 707 1285 huc,
727 1210 774 1272 dic
794 1211 864 1292 quid
879 1211 1021 1272 aduocato
1041 1217 1094 1272 tuo
1109 1209 1305 1284 mandamns,

196 1313 299 1376 exhibo
313 1332 433 1394 pueros
464 1313 533 1394 qnid
548 1311 732 1393 expanuistit
756 1313 825 1394 quaid
845 1311 947 1375 taces?
967 1313 1074 1376 hocine
1087 1331 1223 1375 aroucam
1238 1311 1305 1375 est?

196 1415 302 1478 bacino
328 1422 444 1478 tautum
472 1416 585 1478 crimen
609 1415 732 1489 deferre,
765 1434 803 1477 aa
823 1415 976 1478 Claudium
995 1415 1169 1490 Maximum,
1189 1421 1305 1478 tantm

145 1530 177 1584 10
197 1517 306 1592 uirum,
318 1518 443 1580 ludibrio
459 1518 578 1592 habore,
598 1535 647 1579 me
665 1517 810 1579 calumnia
828 1515 987 1580 insectari?
1011 1517 1090 1597 quod
1110 1516 1135 1579 si
1154 1519 1234 1580 forte
1250 1535 1305 1599 pa·

196 1626 304 1682 uanus
324 1627 394 1682 tuus
414 1616 432 1704 ΙΙ
452 1619 545 1682 uerbo
566 1619 727 1698 prolapsus.
743 1626 788 1680 est
807 1626 837 1683 ot
853 1619 954 1682 nullos
973 1638 1083 1700 pueros
1101 1619 1208 1694 habes,
1228 1637 1304 1699 quos
1317 1645 1419 1716 crum

198 1721 354 1802 producas,
369 1722 484 1782 ¹saltem
511 1721 746 1801 proauordecim
769 1722 866 1784 seruis
896 1740 972 1802 quos
995 1720 1113 1784 exhibiti
1134 1720 1171 1783 ad
1195 1721 1304 1802 aliquid

123 1846 183 1902 asoa)
199 1830 291 1886 utero.
318 1829 370 1884 aut
384 1842 437 1886 cur
451 1823 515 1884 sisti
529 1823 698 1903 postulabas
713 1829 825 1886 tanmm
844 1820 1008 1886 familiam?
1030 1823 1142 1903 maglae
1160 1841 1301 1890 accusans
1317 1839 1470 1896 xxxxvll

197 1923 233 1986 de
248 1925 414 2005 qulndocim
429 1925 524 1986 seruis
536 1924 728 1988 denuntiasti:
745 1926 825 2006 quaid,
840 1925 866 1988 si
880 1926 916 1987 de
930 1925 962 1988 ui
976 1943 1138 2000 accusares,
1154 1933 1227 2006 quot
1237 1933 1303 1990 tan·

144 2042 182 2096 te
196 2026 265 2090 dem
285 2023 599 2109 sercosposnuares?
632 2027 730 2090 sciunt
750 2047 820 2109 orgo
846 2027 954 2108 aliquid
979 2027 1147 2108 quindecim
1172 2029 1255 2091 serni
1275 2034 1305 2090 et

148 2129 167 2174 s
197 2129 345 2193 oocrdnrm
360 2136 414 2191 ost.
434 2103 483 2190 {an
498 2129 647 2190 oecultum
662 2137 784 2190 nonest
802 2137 832 2190 et
845 2131 993 2210 magicum
1012 2127 1079 2192 esti
1101 2131 1227 2196 alenam
1247 2130 1306 2194 ho-

196 2250 264 2296 rum
277 2232 395 2295 Ismaris
416 2249 537 2294 neccsse
560 2237 615 2305 est,
637 2237 687 2293 aut
705 2229 850 2295 inlicitum
869 2249 933 2294 nou
945 2231 1037 2293 russo
1051 2231 1083 2316 iu
1097 2249 1157 2310 quc
1171 2237 1218 2293 tot
1231 2247 1305 2294 con·-

197 2333 279 2398 scics·
293 2353 357 2396 nou
370 2333 532 2408 timuerim,
553 2340 604 2395 aut
618 2333 645 2394 si
658 2331 801 2394 inlicitum
820 2328 826 2416 Ι
843 2333 909 2408 fnit,
930 2333 1005 2396 scire
1024 2338 1070 2395 tot
1088 2331 1224 2395 conscios
1242 2349 1306 2396 uon

198 2435 343 2500 debuisse.
372 2436 468 2516 magia
485 2437 551 2510 ista,
567 2443 714 2516 quantum
726 2453 780 2515 ogo
796 2434 892 2509 audio,
907 2451 956 2498 ros
971 2441 1016 2496 eat
1029 2433 1141 2514 legibus
1155 2435 1305 2516 denegata,

143 2563 177 2614 20
197 2537 257 2600 iam
275 2537 344 2600 indo
357 2539 518 2619 antispiritus
533 2538 690 2603 duodecim
707 2537 815 2600 tabulis
834 2543 956 2625 propter
974 2537 1170 2600 incredundas
1183 2538 1306 2618 frugum

196 2641 356 2706 inlecebras
377 2640 537 2704 interdicta.
573 2641 662 2720 igilm
684 2648 728 2702 eat
749 2639 863 2702 occulta
881 2657 944 2702 non
961 2639 1061 2704 musas
1080 2647 1169 2722 quam
1182 2647 1259 2703 tetra
1277 2647 1307 2702 ct

196 2743 354 2818 horribilis,
375 2744 550 2824 plerumque
564 2743 700 2806 noctibus
715 2743 833 2823 uigilata
847 2749 877 2805 et
890 2742 1019 2806 tenebris
1033 2744 1170 2807 abstrusa
1183 2749 1213 2806 ot
1226 2741 1306 2806 arbi·

196 2845 249 2908 tris
269 2845 399 2910 solitaria
417 2853 448 2908 et
467 2845 647 2910 carminibus
666 2852 861 2920 murmurata
879 2846 926 2910 cui
945 2863 1008 2909 uon
1025 2847 1117 2912 modo
1138 2863 1306 2919 seruorum,

197 3085 232 3136 10
250 3085 313 3139 Plin.
332 3085 593 3141 salmoxxviii
612 3089 636 3151 2,
658 3088 703 3136 ll:
722 3083 802 3150 qnid?
820 3099 872 3135 non
890 3091 915 3136 at
931 3085 1015 3148 legum
1027 3085 1137 3149 ipsarum
1153 3083 1180 3134 in
1192 3085 1253 3134 duo

252 3170 332 3221 decim
353 3171 443 3220 tabulis
467 3172 544 3222 uerba
567 3179 638 3223 sunta
662 3169 719 3236 equi
741 3170 824 3234 fragos
847 3169 1026 3233 cumcuma»,
1050 3175 1075 3219 et
1099 3169 1170 3219 alibi:
1196 3171 1253 3234 aqui

252 3256 347 3304 andum
365 3257 653 3310 cormeriacentassitat
677 3281 712 3294 -
740 3255 827 3308 Sarac.
851 3259 1016 3320 conquaeri.
1035 3253 1084 3314 1111
1103 3257 1132 3304 l:
1149 3254 1252 3318 etapud
1298 3303 1301 3310 ,
1399 3260 1402 3265 ’

253 3353 299 3388 nos
324 3340 350 3390 in
374 3340 505 3392 duedecim
526 3343 617 3393 tsbubs
641 3349 752 3405 cauetur,
775 3355 823 3392 «ns
847 3339 902 3406 quis
925 3338 1020 3390 abacos
1043 3337 1137 3389 fruetus
1159 3353 1252 3390 mean·
1320 3397 1324 3400 ,

252 3429 350 3477 carseta.

264 3647 280 3698 2
292 3645 369 3700 nicbil
380 3666 405 3717 φ
429 3646 434 3716 Ι
461 3661 534 3715 pam
546 3655 576 3699 ut
588 3664 611 3704 a:
624 3647 686 3701 nibil
694 3649 813 3716 amplius:
825 3654 922 3700 tanturn
931 3623 1073 3714 producant
1080 3612 1233 3708 dmm,
1244 3643 1307 3698 nibil

197 3726 317 3794 amplius:
329 3736 427 3782 tantum
438 3737 467 3782 ut
478 3730 620 3795 producant
630 3727 745 3782 Bcaerlta
768 3726 778 3796 ΙΙ
802 3730 818 3781 3
830 3744 859 3780 es
872 3743 922 3780 om.
936 3728 982 3781 FV
1005 3726 1015 3796 Ι
1038 3729 1189 3795 dsorlaeaa
1200 3725 1306 3778 confidis

195 3806 205 3876 ΙΙ
226 3805 386 3870 bcdtoiisV
410 3806 421 3876 Ι
446 3809 607 3878 crespecaas
619 3809 650 3875 F,
670 3817 824 3877 expectasv
854 3807 858 3868 Ι
885 3809 978 3861 dicerit
993 3809 1039 3862 FV
1066 3807 1077 3877 Ι
1106 3808 1186 3862 Belli
1201 3807 1306 3858 baccina

1121 3927 1126 3932 ,
1191 3889 1207 3928 ιι

197 3945 261 4015 Fun
284 3943 295 4013 Ι
323 3947 355 3998 10
370 3943 510 4009 calumpnia
527 3963 549 4014 φ
566 3943 577 4014 Ι
595 3945 626 3997 12
638 3944 690 3998 xiiii
700 3941 732 4010 F,
745 3943 935 4014 patuordecim
951 3961 974 4011 φ
997 3939 1002 4010 Ι
1023 3941 1107 3994 exibui
1118 3942 1149 4004 F,
1166 3940 1250 3994 exibui
1262 3959 1286 4011 φ
1299 3939 1308 4018 Ι

197 4027 229 4078 13
242 4034 337 4078 lautam
349 4042 375 4090 v,
399 4032 496 4076 tantum
508 4025 553 4095 lup
566 4024 576 4094 Ι
594 4027 626 4078 14
638 4043 666 4078 xv
678 4027 724 4096 aa
737 4025 743 4090 Ι
759 4025 916 4078 denunciasti
927 4041 945 4075 v
968 4023 973 4091 Ι
997 4026 1070 4091 quot]
1093 4025 1158 4092 quod
1171 4023 1216 4092 up
1240 4019 1250 4092 Ι
1275 4023 1307 4074 15

195 4123 227 4162 xv
240 4107 261 4160 F
283 4105 293 4178 Ι
320 4109 351 4160 l'l
364 4107 482 4158 illicitum
493 4105 547 4174 Fac,
559 4106 681 4158 inlicitum
693 4107 729 4160 V:
741 4107 855 4160 inclitum
865 4105 1009 4158 Scriverius
1026 4103 1036 4174 Ι
1059 4106 1091 4158 18
1103 4103 1226 4157 inlicitum
1236 4103 1306 4173 nov

194 4187 203 4256 ΙΙ
225 4189 256 4243 19
268 4188 386 4254 delegata
397 4187 472 4258 va:
486 4190 610 4252 denegata
620 4188 736 4254 Falsum,
748 4190 863 4254 relegata
875 4188 1083 4254 Imagormoemua
1104 4185 1114 4257 Ι
1138 4190 1172 4242 20
1189 4187 1224 4240 xii
1235 4187 1305 4258 nov

194 4267 204 4338 Ι
224 4269 254 4322 ²1
270 4270 444 4342 illecebroso
469 4269 476 4340 Ι
501 4273 657 4341 ostacripaa'a
669 4270 772 4340 aanor
795 4269 806 4340 Ι
