3232 5028
615 446 620 452 ·
673 432 853 492 meroem.
909 461 914 466 -
1276 442 1318 508 aa

132 530 176 574 ld·
191 522 295 570 oadand·
1255 537 1257 545 ·
1287 525 1373 568 tlltb.
1386 527 1462 572 altat

203 593 293 660 sones
315 591 451 659 omnium
465 589 612 656 tactorum
624 589 754 656 numos
772 589 938 672 diligentiam
957 592 1174 669 examinandas,
1193 609 1228 656 ao
1244 595 1312 656 sae-

203 696 271 778 pius
285 713 389 758 causas
404 693 515 775 quaeri,
529 693 604 756 facte
617 692 749 767 concedi,
766 711 860 773 coque
875 694 962 758 etiam
977 701 1118 776 patronos
1132 695 1313 776 litigatorum

204 798 371 863 causidicos
385 795 541 870 nominari,
563 796 643 876 quod
663 814 716 862 cur
726 815 859 876 quaeque
872 797 948 858 facta
962 797 1021 858 sint
1035 797 1199 878 expediant,
1233 803 1312 860 cete-

204 919 273 966 rum
292 919 400 980 negare
416 899 529 962 iactum
548 898 641 964 facilis
658 917 708 960 res
728 905 774 960 est
792 905 822 960 et
840 899 921 960 utillo
941 905 1067 978 patrono
1085 900 1207 980 indiget:
1233 906 1312 962 recto

168 1019 184 1072 a
204 1001 317 1068 iactum
331 1003 379 1067 uel
393 1016 548 1082 perperam
560 999 678 1074 docere,
695 1000 725 1062 id
744 1019 817 1063 uero
832 1001 927 1064 multo
943 1000 1068 1062 arduum
1082 1007 1112 1062 et
1127 1001 1243 1064 difficile
1256 1006 1311 1064 ost.

204 1105 316 1168 frustra
329 1104 418 1184 igitur
431 1119 470 1165 an
483 1103 595 1168 factum
610 1103 649 1164 sit
662 1102 835 1184 anquiritan,
851 1103 931 1184 quod
942 1103 1052 1164 nullam
1072 1103 1179 1164 radam
1194 1121 1311 1168 causam
1371 1161 1374 1168 .

205 1206 308 1270 babuit
318 1214 351 1268 ut
364 1207 457 1268 fieret.
485 1205 527 1266 ita
540 1205 609 1266 facti
620 1222 690 1268 reus
705 1206 783 1286 apud
797 1205 911 1268 bonum
925 1204 1052 1268 iudicem
1068 1206 1209 1285 scrupido
1223 1223 1313 1285 quae·

205 1308 309 1374 suanis
322 1309 473 1381 liberatur,
489 1307 514 1370 si
529 1307 609 1370 nialla
622 1307 678 1368 fuit
692 1307 719 1368 ei
732 1307 806 1370 ratio
822 1307 970 1390 peccandi.
999 1325 1080 1376 nunc
1099 1307 1240 1387 quoniam
1258 1325 1313 1370 ne·

206 1429 263 1492 que
282 1411 460 1474 incantatam
479 1427 575 1490 neque
594 1416 774 1488 prostratam
797 1409 952 1472 mulierem
975 1409 1187 1490 probauerunt,
1211 1417 1241 1472 et
1258 1428 1312 1492 ege

154 1529 186 1582 ro
206 1530 269 1576 non
282 1529 357 1592 nego
378 1512 471 1592 petitu
491 1511 628 1575 medicia
647 1530 696 1574 me
715 1512 891 1592 inspectam,
909 1511 1004 1574 dicam
1022 1512 1085 1588 tibi,
1104 1511 1239 1586 blasima,
1260 1529 1313 1577 cur

205 1615 278 1680 illud
292 1615 328 1677 de
342 1614 459 1680 aurium
472 1614 583 1681 tinnitu
596 1613 782 1694 quaesierim,
796 1631 859 1680 uon
872 1621 933 1676 tam
947 1613 1091 1696 pingendi
1104 1614 1164 1678 mei
1178 1613 1269 1694 gratia
1281 1614 1313 1679 in

207 1735 242 1780 ea
254 1735 298 1792 re,
313 1735 401 1798 quam
415 1723 450 1787 tn
459 1716 522 1780 iam
536 1716 740 1798 praeiudicasti
759 1733 855 1796 neque
869 1718 971 1798 culpae
989 1735 1086 1798 neque
1104 1715 1220 1782 crimini
1238 1733 1312 1780 con,-

149 1891 152 1895 ,
207 1821 307 1894 linem
323 1837 417 1899 quum
426 1825 459 1880 ut
473 1837 511 1882 ne
526 1819 596 1900 quid
611 1819 732 1900 dignum
747 1819 867 1886 auribus
881 1819 941 1884 tuis
953 1826 984 1882 et
994 1819 1144 1883 doctrinae
1157 1825 1226 1882 tuae
1240 1836 1315 1882 eou-

137 1955 195 2008 (cor)
208 1939 317 2004 muers
331 1920 508 1984 reticuerim.
544 1922 639 1986 dicam
652 1921 741 2008 igitur
761 1941 849 2002 quam
862 1921 1038 1987 breuissime
1057 1927 1197 2004 potuero:
1223 1917 1228 2006 Ι
1252 1926 1315 1986 ete·

155 2044 187 2096 15
207 2025 270 2088 nim
280 2024 486 2088 admonendus
501 2043 533 2086 es
548 2024 631 2100 mihi,
645 2042 709 2086 non
723 2024 882 2086 docendus.

290 2126 373 2188 Plato
388 2127 586 2207 philosophus
598 2127 630 2188 in
649 2126 698 2188 illo
714 2126 947 2208 praeclarissimo
962 2125 1082 2188 Timaeo
1103 2125 1221 2190 caelesti
1239 2143 1311 2207 qam-
1329 2140 1501 2198 xxxxvlrn

208 2226 431 2292 dam'facuudia
454 2230 630 2292 uniuersum
654 2229 802 2293 mundum
828 2228 950 2292 mobtus
973 2234 1132 2308 postquam
1157 2227 1193 2290 de
1217 2229 1314 2294 nostri

208 2349 326 2413 quoque
348 2331 438 2394 animi
456 2331 542 2395 trinis
567 2331 761 2413 potestatibus
786 2331 987 2394 sollertissime
1007 2325 1179 2414 lindisscruit
1196 2336 1235 2405 et,
1260 2349 1411 2398 curans·⁸

209 2449 341 2516 qtraeque
356 2434 491 2496 membra
503 2433 590 2496 nabis
606 2433 705 2499 diuina
719 2433 905 2514 prouidentia
924 2431 1063 2498 fabricata
1077 2431 1145 2508 siut,
1165 2431 1317 2514 aptissime

154 2563 189 2615 20
209 2535 319 2611 docuit,
340 2551 459 2598 causam
478 2535 654 2599 morborum
676 2536 812 2602 omnium
830 2535 973 2600 trifariam
991 2541 1152 2616 percenset.
1188 2534 1315 2616 primam

209 2653 327 2702 causam
342 2637 512 2719 primordiis
531 2639 665 2719 corporis
679 2639 821 2713 attribuit,
841 2637 867 2700 si
887 2637 968 2718 ipsae
988 2639 1203 2702 dememorum
1222 2636 1315 2718 quali·

209 2747 294 2816 tates,
308 2741 398 2804 uirida
411 2747 441 2802 et
453 2740 570 2820 frigida,
583 2749 613 2804 et
625 2740 672 2804 bis
688 2741 762 2804 duae
776 2741 921 2804 aduersae
933 2758 996 2804 non
1010 2745 1187 2822 congruant;
1201 2739 1233 2802 id
1242 2739 1315 2804 adea

209 2844 316 2920 euenit,
332 2863 400 2906 cum
415 2843 569 2924 quaepiam
581 2861 683 2906 earnm
697 2845 824 2910 modum
837 2843 960 2908 excessit
978 2851 1029 2908 aut
1042 2846 1109 2908 loco
1131 2841 1314 2923 demigreuit

141 2979 145 2984 ·
208 2964 335 3028 sequens
351 2963 440 3008 causa
452 2945 629 3008 morborum
641 2945 719 3008 inest
737 2946 770 3010 in
789 2965 894 3011 eorum
907 2945 991 3020 mue,
1008 2963 1082 3026 onae
1098 2945 1160 3009 -iam
1176 2951 1316 3008 concreta
1353 3009 1356 3016 ,

156 3073 190 3124 25
210 3067 246 3115 cx
260 3048 442 3130 simplicibus
456 3048 608 3112 alemanus
622 3056 797 3114 anattamen
815 3048 913 3130 speeie
927 3049 1110 3122 coaluerunt,
1129 3053 1163 3109 nt
1180 3052 1227 3114 est
1245 3061 1315 3111 san·

209 3151 306 3232 gurra
330 3150 443 3231 species
467 3157 496 3214 et
515 3150 640 3220 uisceris
655 3158 685 3214 et
704 3151 766 3215 ossi
781 3159 816 3214 et
833 3150 987 3225 medullae,
1011 3168 1102 3232 porro
1122 3149 1170 3212 illa
1186 3165 1261 3228 quae
1279 3165 1337 3231 ex¹

209 3253 290 3315 hisce
305 3252 501 3332 singularibus
515 3253 606 3316 mixta
621 3260 699 3318 sunt.
729 3253 817 3318 tertio
832 3253 864 3316 in
877 3270 1003 3334 corpore
1022 3255 1228 3314 concrementa
1241 3248 1316 3312 uarii

212 3509 243 3576 1e'
262 3522 328 3582 rim,
346 3540 372 3592 p.
391 3505 509 3579 sr-ac.'

280 3763 292 3814 1
306 3763 386 3814 scires
398 3781 421 3830 φ
433 3781 467 3816 em
478 3780 556 3831 core,
568 3773 597 3818 ut
609 3765 664 3832 quis
676 3763 700 3830 ej
714 3780 757 3816 rea
768 3765 789 3818 F
803 3763 816 3833 11
828 3767 857 3817 11
871 3765 955 3830 gratia
966 3765 1045 3817 delere·
1054 3759 1316 3816 rnaaultStaweebi‘ca

209 3842 219 3912 d
250 3843 281 3894 ta
297 3843 397 3908 dignum
409 3849 481 3896 amca
491 3844 751 3900 mcluritSeriveriur
788 3843 800 3916 fl
838 3847 870 3898 14
887 3855 1013 3916 poterorp
1052 3844 1063 3916 ΙΙ
1105 3847 1136 3897 11
1153 3843 1315 3910 igiturpost-

208 3989 283 4044 qaam
294 3973 342 4045 pv
358 3973 368 4045 d
381 3977 413 4028 18
425 3937 546 4031 dissei-dit
558 3981 588 4046 F,
600 3981 736 4034 disemitv
756 3980 766 4050 fl
789 3981 820 4033 ta
833 3982 991 4048 apertissime
1005 3979 1110 4033 domim
1123 3978 1133 4048 p
1149 3979 1179 4030 21
1194 3976 1318 4030 adtribuit

208 4057 233 4110 V
256 4054 267 4126 l
290 4056 691 4132 llaridalbumldapaeaorr.
721 4061 726 4132 Ι
751 4061 945 4132 iiamrttsov
975 4064 979 4131 Ι
1014 4063 1124 4115 aduorso
1139 4057 1209 4130 FtpV
1245 4057 1256 4128 1
1283 4059 1317 4112 ²3

209 4193 309 4244 modum
319 4191 350 4260 ll,
368 4149 393 4245 d
410 4213 441 4266 φ,
458 4198 532 4248 modo
545 4214 562 4249 v
584 4195 595 4267 l
623 4199 799 4255 ldeausamv
822 4201 832 4273 Ι]
857 4200 969 4254 lbossis
985 4216 1002 4251 v
1028 4196 1089 4269 d²⁷
1107 4203 1315 4265 concrematam:

211 4281 330 4326 concreta
341 4273 487 4346 hanimi
818 4301 820 4306 ’
