3232 5028
340 451 400 514 112
684 448 713 499 L.
726 445 849 502 actual
860 444 1098 501 mannvllunsrs

184 537 271 580 clano.
287 537 359 577 calc
1351 535 1393 576 Ed·
1409 533 1514 581 ocosse.

335 605 417 666 adest
437 603 523 666 etiam
537 607 620 664 tutor
632 609 736 664 auctor
749 602 895 678 mulieris,
915 603 964 665 uir
978 602 1173 682 grauissimus
1186 609 1215 663 et
1230 603 1443 678 sanctissimus,

336 707 417 770 omni
437 725 506 771 cunr
525 706 640 770 honore
659 706 732 768 nrihi
750 706 965 782 nominandus,
991 705 1109 777 Cassius
1128 695 1291 786 Longinus.
1326 725 1442 788 quaere,
1459 731 1514 784 (eoo)

334 809 467 884 Maxime,
487 809 571 872 cuius
591 809 750 890 emptionis
769 815 874 871 auctor
890 809 991 884 luerit,
1012 808 1152 889 quantulo
1167 810 1262 890 pretio
1275 810 1385 872 mulier
1399 811 1445 872 lo-

335 913 435 992 cuples
457 913 583 992 agellum
602 931 690 976 suum
704 899 900 994 praestinant.

421 1015 639 1094 [testimonium
653 1015 734 1079 Cassi
748 1017 874 1098 Longini
887 1015 995 1078 tutoris
1010 1022 1039 1077 et
1050 1015 1170 1080 Coruini
1182 1015 1340 1078 Clementis
1355 1035 1445 1097 quae·
1467 1028 1481 1078 5

335 1117 438 1197 storia]

423 1221 514 1282 Estne
547 1221 587 1282 ita
614 1229 649 1283 ut
669 1218 750 1283 dixi?
777 1221 894 1301 uspiam
914 1221 945 1282 in
964 1223 1020 1283 hac
1039 1221 1189 1302 emptione
1211 1235 1322 1282 nomen
1344 1239 1445 1282 rneum

339 1321 500 1403 ascriptum
516 1319 584 1384 est?
606 1339 679 1384 num
693 1322 793 1404 ipsum
808 1322 949 1385 heredioli
963 1324 1092 1404 pretium
1107 1323 1287 1386 inuidiosum
1300 1329 1355 1398 est,
1370 1340 1443 1384 num

338 1427 386 1488 uel
400 1428 460 1488 hoc
472 1425 577 1489 saltem
591 1426 622 1486 in
636 1445 685 1488 me
699 1422 861 1488 collatum?

283 1534 322 1586 ull
426 1528 502 1602 Quid
522 1529 610 1590 etiam
629 1535 683 1604 est,
702 1527 872 1604 Aemiliane,
894 1529 974 1610 quod
993 1547 1056 1591 non
1069 1535 1098 1590 te
1117 1525 1444 1591 indice'relutauerim?
1468 1540 1499 1590 10

338 1630 418 1711 quod
432 1631 560 1711 pretium
575 1631 686 1712 magiae
701 1650 783 1693 meae
797 1631 961 1713 repperisti,
982 1650 1036 1692 cur
1051 1649 1104 1710 ego
1119 1630 1300 1692 Pudentillae
1315 1624 1446 1692 animum

335 1733 484 1794 uenaliciis
499 1729 669 1795 flecterem?
691 1733 772 1815 quod
786 1740 819 1794 ut
835 1752 869 1794 ex
884 1752 918 1794 ea
932 1733 1125 1796 commodum
1140 1729 1299 1816 caperem?
1328 1733 1371 1799 uti
1391 1732 1447 1793 do-

253 1871 265 1887 ι
336 1840 397 1894 tem
412 1833 485 1894 milui
499 1834 647 1895 modicam
663 1836 764 1915 potius
779 1854 868 1916 quam
883 1836 1011 1918 amplam
1027 1832 1158 1898 diceret?
1187 1855 1205 1897 o
1220 1835 1368 1916 praeclara
1383 1853 1447 1896 car-

336 1933 430 1997 minal
461 1954 499 1997 an
513 1942 547 1998 ut
561 1955 626 1998 eam
641 1936 742 1998 dotem
756 1938 822 1999 tiliis
838 1940 899 2000 suis
914 1939 1007 2018 magis
1019 1937 1242 2020 restipularetur
1253 1957 1342 2018 mam
1356 1955 1446 2018 penes

336 2057 385 2100 me
400 2035 532 2101 sineret?
562 2033 632 2120 quid
647 2040 714 2102 addi
729 2042 764 2101 ad
779 2041 856 2103 hanc
870 2041 996 2121 magiam
1011 2036 1133 2121 potest?
1163 2059 1200 2103 an
1220 2042 1263 2102 uti
1282 2049 1345 2102 rem
1360 2039 1446 2102 fami·
1469 2055 1501 2103 15

336 2141 439 2202 liarem
455 2161 540 2203 suam
555 2160 622 2203 meo
639 2143 797 2206 adhortatu
811 2145 981 2225 pleramque
996 2144 1062 2205 liliis
1078 2143 1270 2218 condonaret,
1290 2155 1364 2223 quae
1376 2141 1448 2204 nihil

335 2244 392 2308 illis
413 2229 487 2304 ante
501 2263 548 2304 me
570 2244 710 2308 maritum
729 2245 825 2308 luerat
845 2246 956 2325 largita,
983 2247 1055 2309 mihi
1081 2246 1237 2326 quiequam
1262 2239 1448 2327 impartiret?

336 2366 354 2407 o
374 2364 462 2425 graue
482 2345 658 2407 ueneficium
678 2346 773 2408 dicam
794 2367 832 2410 an
852 2349 1000 2430 ingratum
1018 2344 1218 2411 beneficium?
1246 2366 1283 2410 an
1303 2354 1337 2408 nt
1355 2353 1446 2407 testa-

243 2435 246 2438 ⁴
335 2455 447 2523 mento,
474 2447 554 2527 quod
573 2447 646 2509 irata
665 2449 725 2510 lilio
746 2451 899 2526 scribebat,
926 2452 1019 2514 filium
1043 2451 1143 2532 potius
1163 2451 1210 2512 eui
1237 2453 1356 2513 ollensa‘
1373 2453 1444 2523 erat,
1460 2469 1520 2522 (cor)

336 2569 424 2630 quam
445 2569 493 2610 mo
514 2549 561 2611 oui
581 2549 717 2614 deuincta
735 2552 875 2615 heredem
896 2551 1095 2634 relinqueret?
1123 2555 1181 2616 hoc
1207 2554 1326 2633 quidem
1346 2550 1446 2614 multis
1468 2559 1502 2609 20

244 2669 320 2710 aaa.
336 2652 515 2714 carminibus
543 2653 659 2715 difficile
684 2655 849 2736 impetraui.
885 2662 995 2737 putate,
1027 2654 1032 2740 Ι
1061 2676 1117 2719 uos
1137 2675 1256 2722 oausam
1281 2673 1342 2716 non
1369 2653 1446 2735 apud

336 2755 490 2816 Claudium
504 2755 663 2816 Maximum
679 2774 773 2836 agere,
793 2759 893 2820 uirum
913 2753 1040 2840 aequum
1062 2767 1091 2820 et
1110 2759 1236 2820 iustitiae
1256 2757 1445 2840 pertinacem,

335 2857 387 2919 sed
402 2855 492 2919 alium
507 2856 633 2936 aliquem
648 2857 819 2941 prauum'et
837 2880 959 2924 saeuum
980 2860 1107 2924 iudicem
1127 2861 1305 2935 substitute,
1326 2878 1446 2921 accusa-

406 3092 417 3143 1
438 3100 466 3144 tu
478 3099 584 3168 tutorcp
601 3093 650 3160 (ef.
666 3093 716 3150 Cc'c.
727 3111 776 3164 pro
790 3095 862 3150 Coae.
876 3096 979 3164 25,11);
992 3096 1124 3150 totendal.
1136 3094 1288 3161 Salmasius,
1301 3103 1392 3150 auctor
1403 3102 1445 3146 tu-

246 3188 251 3197 ·
336 3179 381 3224 tor
391 3173 600 3241 longemanum
629 3173 639 3243 ΙΙ
668 3175 800 3228 cautere
831 3175 837 3246 Ι
866 3175 988 3244 preciov
1012 3177 1022 3248 Ι
1048 3179 1102 3228 det
1118 3176 1134 3227 6
1151 3179 1227 3229 cerba
1245 3176 1415 3228 testimonium
1429 3205 1446 3212 -

336 3251 441 3305 Romani
452 3255 558 3308 coelunt
569 3255 702 3308 Acidaliae
721 3255 726 3324 Ι
748 3255 822 3310 Cassi
833 3257 886 3328 1qu
905 3257 986 3310 Cassii
997 3270 1015 3310 v
1034 3255 1038 3324 Ι
1063 3257 1164 3322 tutoris]
1177 3256 1291 3310 auctoris
1303 3255 1446 3309 Salmasius

334 3334 339 3403 Ι
361 3335 465 3388 Coruini
477 3334 709 3393 CelerisScdottus
731 3337 737 3406 Ι
757 3345 819 3408 post
829 3340 966 3392 Clememis
976 3337 1121 3392 Salaenos
1132 3339 1233 3391 addidit
1243 3341 1318 3392 deest
1337 3337 1341 3405 Ι
1363 3334 1446 3423 fist·

336 3420 414 3489 rev,
428 3423 493 3488 quod
505 3422 638 3474 recitatum
655 3431 695 3475 est
707 3439 735 3476 v:
754 3425 898 3491 quaestoris
909 3413 1066 3490 Salmasius,
1084 3425 1143 3492 quid
1155 3440 1303 3492 responsum
1315 3423 1444 3485 Selectos,

336 3501 478 3569 quaestoris
491 3502 583 3570 publici
595 3507 633 3556 eir
645 3505 671 3556 d.
683 3508 710 3555 a'n
721 3499 805 3574 mar'gr.
819 3507 879 3559 edit.
892 3507 960 3559 luat.
974 3508 1030 3571 alt,
1044 3507 1187 3572 quaestoris
1200 3521 1348 3573 responsam
1360 3503 1445 3555 Hilde-

336 3584 459 3635 brandius
486 3583 497 3648 Ι
520 3585 661 3652 Spu-etium
678 3586 747 3656 rpv
770 3585 781 3656 Ι
811 3588 839 3640 11
858 3589 967 3655 pretium
979 3587 1049 3658 rev
1075 3583 1080 3654 Ι
1107 3587 1243 3654 repperisti
1255 3586 1306 3653 FV,
1325 3585 1445 3653 reperisti

335 3676 358 3734 φ
381 3662 386 3732 Ι
410 3667 488 3717 cerdo
499 3667 565 3733 qaod
574 3666 683 3732 pretium
691 3669 854 3735 -repperisti
866 3685 924 3721 oum
936 3674 973 3722 cis
985 3685 1050 3736 quoe
1060 3674 1187 3722 securatur
1199 3671 1333 3720 coniuncti
1342 3665 1444 3718 Salma-

334 3747 403 3796 sius:
422 3746 480 3812 quid
497 3747 764 3814 etiam—repperisti?
782 3766 828 3818 cup
844 3753 1078 3817 ergo-caperem?
1096 3749 1293 3802 Hildedranda'us
1322 3748 1328 3816 Ι
1360 3763 1406 3812 ego
1423 3763 1443 3811 ς,

335 3842 397 3890 ergo
415 3826 485 3895 FapV
508 3825 518 3896 Ι
543 3829 574 3879 12
591 3836 620 3880 ut
638 3847 719 3887 onec
744 3831 749 3897 Ι
775 3847 809 3882 ex
825 3847 856 3882 eo
872 3832 990 3884 Hdnaiua
1012 3829 1025 3900 ΙΙ
1049 3831 1080 3882 15
1098 3845 1130 3882 an
1146 3831 1189 3881 ubi
1206 3831 1415 3897 Iurrgeeanannus
1436 3828 1445 3896 Ι

335 3909 367 3958 16
384 3909 540 3960 condonaret
556 3909 695 3963 Poleam:
712 3913 881 3964 condonasset
892 3912 967 3982 quv:
978 3915 1102 3980 sortasse
1119 3927 1175 3962 cum
1192 3913 1312 3976 donasset
1330 3912 1444 3964 Boseude

332 3987 336 4056 Ι
363 3989 438 4040 nichil
450 3989 495 4060 Fe
519 3988 530 4058 Ι
556 3992 586 4043 lt
600 3993 716 4042 nccmihi
728 3992 849 4045 Floriduc
876 3993 880 4061 Ι
908 3995 1039 4062 quidquam
1053 4013 1087 4063 qo:
1102 3995 1162 4044 nihil
1174 3995 1307 4061 quidquam
1320 3994 1443 4044 Pricaeus

332 4067 342 4136 ΙΙ
368 4071 400 4120 19
416 4071 483 4122 nata
499 4091 535 4142 φ,
550 4071 616 4124 irato
634 4073 684 4126 nv:
704 4075 804 4139 ingrato
821 4074 862 4126 cel
876 4075 943 4126 irata
959 4075 1084 4128 Pricaeus
1107 4075 1117 4144 Ι
1142 4077 1175 4126 20
1191 4091 1230 4126 me
1245 4075 1286 4125 cui
1303 4091 1328 4138 ς,
1346 4085 1442 4122 mecum

334 4149 404 4218 rev
433 4151 437 4218 Ι
464 4154 597 4204 haeredem
613 4171 631 4206 v
652 4155 666 4224 Ι
688 4157 718 4207 21
739 4155 956 4208 cantaminibuaV
982 4155 992 4225 ΙΙ
1015 4157 1048 4208 22
1067 4154 1104 4208 Cl.
1124 4156 1258 4208 Maximum
1273 4151 1379 4221 Fchll
1408 4150 1441 4202 23

334 4301 452 4336 scaenam
464 4287 586 4339 Priscam
613 4289 617 4354 Ι
645 4237 807 4344 ευΙΙιίιιιίωΕ
831 4291 842 4363 ΙΙ
