3232 5028
119 503 130 510 Ι,
194 497 197 508 1
679 419 849 483 ereccon
1274 431 1315 498 go

133 517 176 558 ree.
191 513 294 560 ment.
385 575 388 582 ²
1283 519 1370 561 creon
1384 519 1401 561 r.
1410 519 1461 562 ree.

202 585 270 666 orde
283 583 342 649 hoc
360 584 482 667 scripsit
497 581 684 649 Pudentilla?
714 594 772 647 uos
790 585 1045 666 iot-argumentis,
1069 581 1084 671 Ι
1103 592 1155 650 tot
1173 586 1308 662 testibus,
1322 607 1407 648 erere

201 693 282 750 tenu
301 685 471 768 operatione
489 701 610 768 magum
629 704 679 750 me
698 703 761 748 non
779 683 925 766 probetis:
947 687 994 750 ille
1012 688 1186 751 unoauerbo
1201 689 1311 770 probe·

202 787 273 854 reti
290 797 321 852 et
335 796 446 872 quomo
460 795 558 852 unae
571 789 690 870 panus
713 787 882 853 babendum
901 795 956 864 est,
974 790 1056 871 quod
1069 789 1101 852 iu
1115 789 1222 854 iudicio
1237 791 1310 856 eub-

203 892 351 968 scribitur,
372 909 461 974 quana
486 889 567 972 quod
586 889 618 954 in
637 889 762 972 epistula
781 886 941 954 scribitur?
964 890 1035 971 quin
1053 895 1088 954 tu
1106 909 1155 953 me
1173 892 1310 956 meismet

166 1006 182 1056 5
202 993 297 1068 lactis,
317 1010 379 1057 non
400 990 501 1056 alienis
521 990 620 1056 uerbis
640 985 791 1054 reducis?
824 997 955 1054 ceterum
974 992 1077 1056 eedem
1096 992 1146 1056 uia
1165 995 1251 1058 muti
1268 995 1310 1060 rei

202 1095 334 1160 cuiusuis
363 1092 497 1158 maleficii
527 1093 769 1176 postulabuntur,
799 1091 825 1156 si
854 1099 952 1158 ratum
983 1094 1118 1160 ictuum
1146 1103 1200 1172 est,
1231 1098 1310 1179 quod

203 1197 327 1281 utrisque
346 1187 377 1261 in
396 1195 521 1280 epistula
540 1211 594 1260 sue
606 1209 608 1214 ’
619 1195 667 1259 uel
686 1187 788 1259 amore
811 1195 860 1258 uel
879 1193 947 1259 odio
966 1195 1130 1279 cuiuspiam
1150 1195 1309 1281 scripserit.

199 1291 330 1382 ‘mentm
344 1307 374 1362 te
388 1298 507 1382 scripsit
520 1296 698 1362 Pudentilla:
720 1295 810 1378 igitur
823 1315 928 1380 magus
942 1291 994 1362 es.³
1023 1299 1103 1381 qud,
1118 1298 1144 1363 si
1157 1301 1309 1365 censilem

131 1423 188 1476 ‹ser›
202 1421 252 1466 me
266 1402 446 1485 scripsisset:
469 1400 576 1464 consul
594 1397 715 1463 essem?
745 1399 815 1481 quid
834 1399 925 1475 enim,
944 1399 977 1464 ‚si
995 1399 1149 1483 pictorem,
1169 1401 1195 1466 ei
1214 1403 1314 1466 medi·

150 1521 181 1572 tc
201 1523 280 1580 cum,
300 1503 370 1586 qrrid
389 1501 525 1585 denique,
550 1499 577 1566 si
595 1497 805 1564 nascentem?
838 1519 912 1578 num
935 1501 1043 1585 aliquid
1062 1505 1172 1570 horum
1191 1513 1310 1588 pateres

200 1607 320 1682 ideirco,
341 1605 421 1689 quod
439 1605 489 1670 ille
508 1597 651 1668 dixisset?
673 1602 747 1666 nihil
764 1602 883 1667 scilicet
913 1605 993 1686 atqrd
1013 1605 1208 1688 periniurium
1223 1608 1309 1671 estei

201 1709 290 1774 tidem
309 1709 341 1774 in
356 1707 506 1792 peioribus
524 1706 643 1782 bebere,
668 1703 716 1769 cui
735 1703 768 1768 in
785 1704 958 1772 melioribus
979 1725 1041 1771 non
1059 1707 1193 1786 beberes,
1220 1727 1310 1793 posse

200 1812 298 1876 literas
313 1807 427 1876 eiusad
441 1807 612 1893 pernicem,
626 1823 789 1891 nonposse
802 1807 985 1872 adsalutem.
1012 1799 1076 1876 ‘aad
1088 1809 1202 1892 inquies
1219 1811 1310 1875 animi
1331 1797 1332 1800 ¹
1428 1855 1433 1863 -

200 1913 266 1989 luit,
285 1913 415 1978 efflictim
432 1920 462 1976 te
476 1903 611 1976 emebet’
639 1908 769 1974 coaoedo
784 1908 913 1975 interim.
937 1929 1011 1976 num
1025 1919 1126 1976 nmen
1140 1929 1246 1976 omnes
1261 1914 1311 1995 qui

147 2026 179 2076 ts
199 2023 336 2080 emantur
349 2015 427 2098 magi
440 2021 520 2091 sunt,
536 2013 562 2080 si
579 2016 638 2078 boc
657 2013 735 2077 torte
749 2011 799 2094 qrti
812 2019 894 2076 emat
906 2013 1078 2099 scripserit?
1107 2016 1198 2079 credo
1217 2031 1307 2092 nunc,

199 2118 280 2200 qnod
300 2117 465 2182 Pudentilla
483 2135 533 2180 rne
546 2115 578 2181 in
595 2135 633 2180 so
647 2123 784 2200 tempore
805 2131 869 2179 non
893 2115 1018 2193 emebat,
1045 2117 1190 2199 siquidem
1214 2117 1244 2182 id
1258 2117 1307 2181 fe-

199 2237 248 2284 res
266 2219 394 2304 scripsit,
414 2216 419 2306 Ι
438 2219 519 2302 qaod
538 2221 634 2302 palem
654 2226 718 2282 eret
729 2217 803 2281 milri
818 2217 1003 2282 obstiturum.
1321 2245 1394 2288 reo..
1455 2308 1457 2311 Ι

182 2406 184 2410 ¹
283 2320 451 2398 Postremo,
466 2321 536 2403 qrdd
547 2317 617 2386 uisi
631 2339 735 2386 senem
749 2319 1304 2397 emmeramensem?
1322 2333 1425 2388 cxxx

199 2441 301 2488 senam
315 2421 418 2486 dices?
445 2424 518 2487 nihil
537 2441 607 2505 erpo
628 2431 690 2488 erat
705 2423 825 2506 magicis
846 2423 959 2486 artibus
978 2441 1074 2506 passe.
1103 2423 1238 2488 inanem
1257 2443 1306 2491 re·

146 2541 179 2592 tc
200 2523 383 2607 spondebisi
404 2527 509 2592 nesciit
522 2545 593 2608 ergo
608 2526 679 2609 quid
694 2525 853 2608 scripserit,
868 2543 963 2607 eoque
977 2525 1085 2590 ciddes
1099 2541 1162 2590 non
1172 2527 1306 2592 habenda

199 2633 259 2691 cet:
274 2627 367 2692 immo
382 2629 496 2693 etiarnsi
510 2629 615 2694 luisse
628 2628 896 2705 insana,·insanam
910 2648 942 2692 se
964 2643 1035 2692 esse*
1049 2630 1201 2694 msdsset
1236 2649 1306 2695 nem

198 2735 232 2793 ut
245 2729 450 2797 absrndeleoit
461 2733 512 2816 qui
522 2739 619 2798 tacere
630 2749 663 2796 se
678 2731 758 2808 dicit,
774 2733 854 2815 quod
868 2731 977 2798 ibidem
993 2731 1118 2797 dicendo
1129 2739 1225 2798 iecere
1240 2753 1305 2797 sese

198 2848 261 2895 non
274 2839 350 2896 tecet
363 2841 393 2898 et
406 2835 470 2917 ipsa
484 2835 671 2917 professione
685 2835 765 2918 quod
780 2836 936 2917 profitetur
949 2836 1093 2900 infirmat:
1112 2835 1153 2898 ita
1173 2837 1221 2900 uel
1241 2854 1306 2900 me·

196 2932 241 3014 gis
266 2935 324 3000 hoc
347 2928 597 3018 repugnetz'‘ego
622 2926 757 3000 insanio?
786 2937 866 3018 quod
885 2955 993 3000 ueram
1018 2955 1081 2999 non
1099 2945 1154 3011 est,
1179 2937 1236 3000 nisi
1260 2940 1309 2999 to-

145 3049 178 3102 25
199 3036 294 3099 sciens
308 3037 391 3100 dicit:
407 3057 497 3120 porro
513 3056 604 3101 senus
618 3045 673 3114 est,
696 3038 747 3119 qui
762 3037 818 3100 scit
837 3036 907 3118 quid
928 3037 967 3100 sit
986 3037 1108 3100 insania.
1139 3037 1247 3126 quippe
1261 3039 1308 3102 iu·

199 3138 280 3202 sanie
294 3138 369 3202 scire
384 3157 416 3201 ee
429 3156 492 3202 non
506 3145 614 3220 potest,
629 3139 795 3218 110an
810 3156 899 3218 quem
910 3138 1076 3201 caecitas'se
1087 3127 1196 3203 uidere
1221 3140 1310 3222 igitur

198 3239 362 3303 Pudentilla
376 3258 501 3324 compos
515 3241 624 3304 mentis
638 3239 704 3316 luit,
719 3241 745 3303 si
759 3245 930 3320 compotem
938 3239 1048 3303 ments
1063 3257 1096 3302 se
1106 3242 1308 3323 conpetebat

267 3478 283 3530 2
301 3477 448 3544 oppretiare
459 3479 565 3548 seriptis
579 3477 694 3534 cretione
706 3477 757 3548 ro,
771 3475 849 3529 orins
861 3494 879 3530 v
905 3475 917 3546 Ι
950 3478 965 3528 3
978 3483 1061 3528 umen
1072 3475 1192 3530 latoius:
1208 3481 1309 3532 tendam

199 3559 262 3626 ror
285 3555 324 3625 14
340 3558 449 3626 epistola
461 3559 525 3628 lov
555 3557 560 3626 Ι
586 3567 665 3612 tnnc
677 3559 792 3612 meismet
803 3559 836 3626 V,
853 3573 1013 3630 peccora,
1029 3566 1082 3610 tun
1099 3573 1113 3609 e
1129 3557 1277 3623 meismetF
1302 3561 1311 3630 ΙΙ

200 3641 385 3691 teuenmnv
406 3637 417 3708 Ι
441 3639 658 3712 ἸορίιιοΙιΡφν
672 3637 678 3710 Ι
693 3641 839 3694 molimen
863 3637 873 3710 Ι
898 3641 930 3693 10
942 3639 1073 3708 aliquodv
1095 3637 1102 3708 Ι
1123 3640 1148 3692 lc
1161 3655 1308 3710 rerumpu-

199 3718 388 3771 mecludutus
412 3717 423 3788 Ι
449 3719 478 3771 11
493 3721 616 3774 iccircov
641 3719 647 3792 Ι
677 3723 753 3776 nichil
765 3722 810 3791 lup
836 3719 848 3790 Ι
876 3722 997 3798 112υσν1α
1013 3721 1116 3787 bebere,
1129 3721 1306 3776 cuiinnrelio-

199 3799 270 3850 ribus
281 3797 374 3872 desem
384 3801 411 3850 tet
423 3799 502 3870 rpv,
514 3805 607 3854 estest
617 3807 644 3856 ia
657 3818 670 3861 ς
693 3799 703 3872 Ι
728 3801 759 3855 13
771 3799 873 3854 litterae
886 3817 903 3853 v
917 3799 922 3870 Ι
942 3801 1039 3870 inquies
1048 3795 1255 3856 litidelrende'ur:
1268 3805 1306 3857 in-

200 3877 324 3946 qutcrv,
345 3879 463 3951 inquilep
480 3899 516 3936 ear
531 3899 599 3939 corr.
627 3880 639 3954 Ι
668 3883 700 3935 14
712 3881 866 3952 efflictump
897 3881 907 3952 ΙΙ
936 3884 967 3936 1⁵
981 3886 1057 3937 credo
1073 3878 1226 3937 Salmasius:
1245 3886 1307 3938 cedo

199 3959 262 4028 va
274 3957 284 4028 Ι
298 3959 412 4013 totores
424 3962 503 4034 rev,
518 3961 583 4016 ioris
596 3982 620 4024 c:
636 3963 692 4018 iore
701 3963 813 4034 le‘pee'ue,
824 3962 892 4017 torte
902 3964 955 4016 enit
967 3963 1102 4019 Acidaiiue
1114 3964 1125 4036 Ι
1139 3966 1170 4019 18
1179 3971 1240 4020 uate
1251 3967 1309 4020 dura

196 4093 365 4151 erum
387 4093 398 4165 ι
423 4097 634 4169 arsenicon
658 4056 959 4162 scelerarem
985 4099 990 4168 ι
1017 4099 1241 4171 orneaervr
1270 4104 1301 4156 21

197 4189 256 4322 :cornel
267 4189 331 4312 ΙοΙο
349 4175 373 4327 ΙΙ
406 4179 440 4232 22
460 4181 526 4234 iden
545 4179 662 4250 Μήιον
691 4179 704 4250 Ι
736 4181 773 4238 tt,
784 4179 894 4233 insciens
914 4183 1018 4252 eertpet:
1042 4181 1248 4255 coterellos-1
1272 4187 1305 4237 ‘ll
