3232 5028
287 417 327 480 fig
348 413 352 420 ·
642 411 671 463 n.
690 409 813 464 arvum
831 407 1067 464 moavuuusrs
1097 467 1099 472 ,

144 501 229 544 talea.
244 501 261 542 t.
270 501 319 542 ldb·
1308 493 1351 536 n'a.
1366 490 1471 536 oudone.

291 567 373 641 uidit,
394 566 471 630 rutra
485 563 559 626 Vlixi
578 569 648 628 uota
663 570 693 626 et
707 564 849 628 desideria
863 563 912 626 hic
926 563 1045 643 quidem
1059 568 1105 624 est
1125 562 1268 624 oculatus.
1304 561 1400 624 Vlixes

291 668 409 732 sumum
433 674 511 730 terra
529 684 582 728 sua
607 672 806 745 emergentem
834 665 1037 746 compluribus
1062 664 1147 726 annis
1172 683 1189 726 e
1218 664 1304 727 litore
1327 681 1399 744 pro·

293 775 428 850 spectans
443 768 554 830 frustra
568 768 711 848 captauit3
726 767 850 832 Crassus
865 767 896 829 in
916 767 1017 848 paucis
1033 767 1140 847 quibus
1160 765 1234 828 abrit
1248 763 1399 827 mensibus

292 870 419 933 eundem
438 870 556 933 fumum
580 870 644 932 sine
664 869 764 932 labore
787 868 820 931 in
837 869 958 932 taberna
977 868 1090 932 uinaria
1108 867 1217 936 sedens
1238 867 1399 956 conspexit.

292 971 339 1036 sin
353 990 425 1035 uero
447 972 568 1034 naribus
586 972 722 1034 nidorem
742 971 939 1034 domesticum
959 969 1131 1050 praesensit,
1149 969 1243 1032 uincit
1255 969 1334 1032 idem
1349 986 1397 1030 sa·
1421 979 1435 1029 5

291 1073 412 1155 gaoitate
428 1073 571 1138 odorandi
586 1091 672 1136 canes
693 1079 723 1134 et
742 1073 899 1135 uulturios.
942 1073 989 1136 oui
1007 1071 1088 1132 enim
1108 1071 1182 1145 cani,
1202 1073 1249 1134 cui
1268 1071 1399 1134 uulturio

291 1175 477 1238 Alexandrini
502 1175 573 1238 caeli
600 1175 756 1255 quaequam
779 1173 910 1254 abusque
937 1173 1096 1236 Oeensium
1121 1173 1230 1236 linibus
1261 1169 1399 1236 aboleat?

246 1335 249 1340 ,
292 1283 336 1340 est
351 1277 470 1357 quidem
485 1276 608 1340 Crassus
622 1277 677 1360 iste
692 1290 828 1338 summus
842 1277 941 1338 helluo
957 1282 987 1336 et
1001 1275 1099 1337 omnis
1113 1275 1189 1338 fumi
1203 1293 1266 1337 non
1279 1273 1400 1354 imperi·¹

196 1367 206 1379 ‘
247 1364 249 1370 ’
290 1385 350 1451 tus,
366 1378 418 1440 sed
429 1378 562 1457 prolecto
578 1395 632 1458 pro
648 1378 746 1441 studio
761 1377 889 1452 bibendi,
912 1395 971 1457 quo
986 1378 1051 1441 solo
1067 1383 1212 1452 consalin,
1231 1375 1344 1438 facilius
1364 1375 1400 1436 ad

200 1483 277 1537 Lvlll
295 1497 364 1544 eum
378 1480 580 1543 Alexandriam
594 1479 657 1542 uini
668 1498 739 1542 arua
750 1498 838 1559 quam
849 1479 924 1540 fumi
934 1479 1127 1559 peruenisset
1151 1478 1292 1540 intellexit
1301 1478 1359 1539 hoc
1370 1485 1399 1539 et
1413 1456 1471 1576 (ἔξω

291 1581 354 1661 ipse
374 1581 542 1644 incredibile
562 1582 707 1644 futurum.
739 1599 808 1643 nam
828 1580 934 1646 dicitur
952 1588 1020 1644 ante
1038 1583 1143 1644 boram
1163 1580 1220 1642 diei
1240 1579 1400 1642 secundam

292 1683 407 1746 ieiunus
428 1684 524 1745 adhuc
544 1691 573 1744 et
593 1683 753 1748 abstemius
773 1683 977 1748 testimonium
996 1683 1077 1746 istud
1101 1682 1279 1746 uendidisse.
1313 1682 1401 1762 igitur

293 1785 410 1864 scripsit
423 1784 495 1845 haec
510 1803 542 1845 se
557 1785 592 1845 ad
607 1785 687 1846 hunc
701 1784 826 1846 modum
841 1786 1030 1866 comperisse.

375 1884 537 1964 Postquam
557 1884 729 1947 Alexandria
747 1887 903 1960 reuenerit,
924 1887 1048 1952 domum
1074 1903 1158 1954 suam
1177 1891 1257 1949 recta
1276 1892 1401 1949 conten-

293 1986 380 2060 disse,
396 2003 454 2065 qua
468 1986 526 2048 iam
541 1985 715 2060 Quintianus
730 1987 883 2066 migrarat:
904 1987 945 2050 ibi
964 1989 996 2050 in
1015 1989 1161 2052 uestibulo
1176 1989 1284 2050 multas
1299 1988 1401 2050 auium
1422 1996 1454 2049 lt

293 2089 398 2168 pinnas
414 2088 585 2150 offendisse:
601 2095 751 2168 praeterea
764 2089 890 2169 parietes
904 2090 1026 2170 beligine
1040 2090 1236 2152 deformatos:
1253 2090 1400 2169 quaesisse

292 2207 394 2253 causas
410 2208 445 2253 ex
460 2207 547 2253 seruo
563 2208 618 2255 suo
634 2207 723 2270 quem
738 2189 814 2252 Oeae
827 2192 993 2272 reliquerat,
1008 2209 1136 2273 eumque
1149 2191 1205 2253 sibi
1225 2191 1261 2254 de
1278 2191 1352 2252 meis
1372 2198 1401 2252 et

292 2291 441 2366 Quintiani
452 2293 606 2355 nocturnis
621 2292 712 2355 sacris
726 2293 878 2356 indicasse.
911 2312 998 2374 quam
1018 2311 1091 2355 uero
1112 2293 1257 2357 subtiliter
1276 2310 1400 2374 compo-

292 2393 383 2456 situm
403 2401 431 2454 et
450 2393 649 2456 uerisimiliter
664 2403 877 2474 commentum,
898 2414 956 2472 me,
972 2395 1082 2476 siquid
1097 2395 1160 2460 eius
1174 2396 1269 2458 facere
1283 2396 1398 2468 uellem,

292 2512 353 2558 non
374 2495 455 2556 domi
478 2514 561 2556 meae
581 2496 681 2575 potius
700 2497 848 2560 facturum
862 2497 969 2560 fausse:
999 2498 1189 2571 Quintianum
1210 2495 1222 2582 ΙΙ
1243 2497 1398 2578 istumqui
1419 2510 1453 2560 ao

291 2596 365 2657 mihi
384 2597 502 2670 assistit,
523 2615 612 2676 quem
629 2615 682 2677 ego
704 2618 759 2679 pro
778 2599 903 2668 amicitia
922 2619 997 2680 quae
1017 2601 1090 2662 milri
1110 2619 1178 2663 oum
1199 2619 1233 2662 eo
1255 2601 1400 2674 artissima
1461 2614 1463 2618 ·

293 2703 339 2760 est
353 2715 466 2776 proque
481 2697 543 2758 eius
557 2699 672 2778 egregia
686 2700 849 2764 eruditione
864 2707 893 2763 et
903 2702 1292 2783 perfectissimaeloquentia
1302 2704 1399 2766 hono·

257 2879 263 2894 x
293 2797 335 2858 ris
350 2804 379 2857 et
392 2795 485 2860 laudis
499 2799 591 2878 gratia
605 2800 740 2875 nomino,
755 2802 836 2864 hunc
849 2801 939 2882 igitur
953 2803 1155 2878 Quintianum,
1179 2804 1184 2887 l
1208 2804 1234 2864 si
1249 2822 1320 2884 quas
1336 2803 1398 2866 auis

293 2899 324 2962 in
339 2917 410 2962 cena
422 2900 573 2962 habuisset
588 2907 647 2975 aut,
669 2902 748 2982 quod
763 2903 853 2979 aiunt,
873 2905 984 2987 magiae
1003 2925 1091 2969 causa
1105 2906 1310 2980 interemisset,
1325 2924 1400 2988 pue-

292 3019 361 3065 rum
382 3003 497 3064 nullum
522 3003 670 3079 habuisse,
701 3005 751 3085 qui
770 3006 876 3087 pinnas
897 3015 1086 3076 conuerreret
1106 3015 1135 3070 et
1153 3008 1235 3070 foras
1257 3004 1395 3070 abiceretl
1415 2992 1452 3062 '25

291 3111 442 3184 praeterea
454 3105 529 3168 fumi
547 3112 660 3169 mutam
674 3107 737 3170 uim
751 3107 853 3185 fuisse,
868 3115 902 3172 ut
916 3111 1041 3190 parietes
1056 3117 1136 3173 atros
1150 3110 1295 3184 redderet,
1315 3127 1396 3170 eam-

292 3224 348 3287 que
363 3207 589 3284 deformitatem,
604 3210 702 3289 quoad
715 3210 867 3286 habitauit,
887 3229 1009 3291 passum
1022 3211 1060 3274 'in
1079 3211 1212 3276 cubiculo
1233 3229 1288 3274 suo
1304 3210 1397 3283 Quin-

311 3443 417 3520 lHom.
437 3445 483 3497 Od.
503 3465 519 3496 a
538 3447 581 3500 58.

391 3643 406 3673 a
1281 3641 1284 3645 .

358 3685 489 3752 ialixill,
502 3685 611 3755 lexiv
636 3686 642 3757 Ι
667 3688 797 3756 Vlyxesv
820 3689 830 3760 ΙΙ
853 3693 985 3766 2³11st
1011 3694 1016 3764 Ι
1039 3705 1225 3760 mergentemv
1248 3695 1253 3762 Ι
1278 3695 1395 3748 naorev

288 3764 297 3834 ll
318 3765 450 3833 defuisti,
463 3769 578 3838 affaire,
591 3769 700 3823 abluto
728 3769 739 3840 ΙΙ
767 3763 897 3840 lonella,
915 3776 1043 3845 0001in
1066 3777 1080 3846 Ι
1107 3779 1139 3829 10
1156 3776 1337 3829 Alexandriam
1347 3775 1394 3826 Oc·
1463 3799 1465 3802 ’

288 3851 429 3900 eauboourr
442 3847 598 3903 Alexandria
610 3851 672 3920 rev
697 3850 703 3920 Ι
729 3866 836 3906 anreav
858 3853 862 3922 l
889 3857 1130 3922 peruenissetrlec
1141 3859 1324 3924 Carantonus),
1336 3871 1395 3924 per-

288 3928 387 3980 neniret
399 3945 440 3999 (pv
460 3929 471 3999 ll
492 3931 521 3982 11
534 3931 656 3984 borumF
678 3931 688 4002 [l
710 3934 741 3986 15
754 3950 802 4002 qne
814 3938 888 3986 unae
899 3938 1003 3990 molunt
1012 3937 1155 3992 Seductus
1176 3937 1189 4006 ΙΙ
1209 3940 1242 3990 17
1255 3939 1395 4006 reliquerat

288 4003 382 4075 rapa
394 4009 576 4080 Carantonus),
589 4014 770 4082 reliquaeritv
795 4013 807 4084 11
836 4017 867 4068 18
884 4019 1026 4073 sublimiter
1043 4020 1188 4074 Vulcanius
1214 4017 1226 4087 ss
1252 4019 1285 4072 21
1301 4018 1395 4070 arctis-

1177 4113 1201 4141 π
1208 4101 1274 4152 (aon.
1283 4111 1331 4142 aaa.
1339 4099 1396 4151 tert.)

289 4138 386 4210 simam
409 4141 420 4209 fl
442 4145 652 4200 tractabatis
664 4157 691 4202 et
701 4149 806 4202 honoris
819 4168 835 4213 ς,
855 4149 865 4220 ΙΙ
889 4153 925 4204 25.
934 4169 1027 4220 pennas
1040 4173 1063 4224 φ
1083 4154 1088 4223 Ι
1107 4161 1306 4223 conuerteretop

287 4216 292 4284 Ι
316 4217 429 4272 abiceret
442 4223 495 4294 llcp,
508 4227 630 4280 obiiceret
642 4245 660 4281 v
682 4229 693 4297 ΙΙ
1194 4269 1198 4274 ·
