3232 5028
308 444 350 510 54
648 430 820 488 narvrnr
836 427 1074 486 amanuncus

164 531 252 594 arasa.
267 528 342 576 erra.
1329 515 1373 558 na
1389 514 1497 560 noeane.

316 602 345 658 et
358 593 395 658 ad
410 592 589 658 obliuionem
608 587 809 671 praesentium
825 585 987 652 exsternari
1006 591 1037 648 et
1054 583 1203 666 paulisper
1213 589 1338 648 remota
1356 600 1425 646 oar·

316 697 397 781 poris
412 693 557 759 memoria
569 691 664 772 redigi
676 709 711 754 ac
724 689 820 754 redire
834 690 871 752 ad
884 695 1021 754 naturam
1036 705 1132 762 suam,
1151 705 1225 767 quae
1239 692 1285 750 est
1298 686 1425 760 immam

1603 1365 1604 1406 l

317 800 383 864 talis
398 797 508 860 scilicet
521 803 550 856 et
565 794 673 868 diuina,
689 799 776 873 atqua
790 793 831 854 ita
844 793 928 855 uelut
942 790 1070 872 quodam
1087 808 1196 870 sopore
1209 789 1310 853 fultura
1324 807 1425 852 rerum

316 915 497 982 praesagere.
527 915 633 959 uerum
648 895 812 970 enimuero,
827 901 861 956 ut
873 893 931 955 ista
945 911 1011 954 sese
1023 891 1142 967 habent,
1157 891 1183 954 si
1194 891 1335 970 qualides
1345 889 1426 952 hisee

315 997 615 1081 rebus-impertienda
628 1004 682 1072 est,
699 996 785 1060 debet
798 995 847 1058 ille
861 996 961 1060 nescio
978 995 1028 1076 qui
1041 1012 1115 1074 puer
1129 993 1282 1073 prouidus,
1297 989 1310 1075 i
1332 1009 1426 1072 quan·
1446 1005 1462 1056 a

316 1112 382 1166 tum
402 1121 456 1182 ago
476 1099 574 1174 audio,
596 1105 626 1160 et
644 1115 769 1179 corpore
789 1097 914 1160 decorus
934 1103 1022 1176 atque
1042 1096 1155 1176 integer
1174 1095 1261 1176 deligi
1279 1101 1312 1176 aa
1326 1093 1425 1156 animo

319 1202 423 1268 sollers
445 1210 475 1264 et
492 1219 544 1264 ore
563 1199 718 1276 moundus,
739 1200 820 1262 utin
839 1219 874 1262 eo
899 1206 951 1263 aut
969 1199 1068 1261 diuum
1087 1205 1218 1279 potestas
1238 1197 1328 1277 quasi
1339 1195 1426 1258 bonis

317 1307 438 1372 aedibus
453 1305 540 1386 digne
554 1305 730 1379 diuersetur,
745 1303 771 1365 si
784 1309 885 1366 tamen
903 1321 937 1364 ea
951 1301 1035 1382 pueri
1054 1319 1180 1382 corpore
1199 1299 1368 1374 includitur,
1387 1315 1425 1360 au
1439 1320 1498 1374 (aas)
1603 1345 1604 1364 ,

317 1410 381 1492 ipse
394 1408 512 1470 animus
527 1405 694 1490 expergitus
709 1404 767 1466 oito
788 1403 1050 1466 addiuinationem
1070 1421 1154 1465 suam
1174 1403 1333 1482 redigatur,
1354 1419 1428 1480 quiae
1603 1407 1604 1416 ’

317 1510 345 1572 ei
358 1516 496 1592 prompte
509 1509 597 1570 insita
611 1515 641 1568 et
654 1508 735 1570 nula
749 1505 897 1569 obliuione
918 1506 1016 1569 saucia
1033 1511 1064 1568 et
1081 1505 1172 1582 hebes
1191 1504 1274 1566 laoile
1292 1521 1426 1566 resuma-
1449 1501 1481 1568 la

317 1620 376 1675 tur.
407 1628 470 1673 non
490 1611 570 1672 enim
590 1629 627 1672 ex
647 1609 730 1671 omni
749 1608 838 1688 ligno,
859 1615 893 1672 ut
911 1609 1091 1689 Pythagoras
1106 1607 1229 1681 dicebat,
1250 1605 1336 1668 dehet
1349 1605 1427 1668 Mer·

321 1714 421 1778 curius
436 1711 560 1794 enculpi.
591 1709 671 1790 quod
685 1710 711 1774 si
724 1709 765 1772 ita
779 1717 834 1785 est,
848 1710 1011 1784 nominate,
1032 1710 1098 1791 qrris
1112 1711 1160 1772 ille
1180 1709 1270 1773 fuerit
1287 1727 1362 1791 puer
1379 1725 1428 1770 sa·

319 1833 387 1890 uuas,
408 1812 576 1888 incolumis,
597 1811 778 1891 ingeniosus,
800 1811 935 1887 decorus,
963 1831 1052 1892 quem
1071 1832 1126 1892 ego
1145 1812 1274 1874 carmine
1294 1811 1428 1891 dignatus

320 1917 378 1980 sim
403 1914 527 1977 initiare.
565 1919 697 1976 ceterum
718 1912 848 1988 Tbellus,
875 1932 963 1993 quem
988 1914 1174 1990 nominastis,
1194 1913 1309 1976 medico
1330 1911 1429 1994 potius

321 2035 410 2100 quam
425 2034 511 2094 mago
526 2013 645 2094 indiget.
675 2020 721 2076 est
734 2014 814 2079 enim
828 2015 919 2078 miser
938 2015 1045 2078 morbo
1060 2015 1199 2078 comitiali
1212 2015 1253 2078 ita
1266 2015 1427 2088 senectus,
1450 2037 1484 2090 15

320 2126 355 2182 nt
368 2126 413 2182 ter
430 2136 469 2180 an
484 2124 587 2198 quater
601 2117 648 2179 die
662 2135 749 2198 saepe
763 2133 889 2182 numero
911 2117 974 2182 sine
988 2118 1055 2180 ullis
1075 2117 1291 2183 cantaminibus
1310 2123 1429 2178 corruat

320 2221 478 2302 omniaque
491 2219 627 2282 membra
640 2218 904 2282 conflictationibus
919 2220 1058 2294 debilitet,
1073 2220 1146 2286 laoie
1156 2221 1319 2294 ulcerosus,
1329 2218 1428 2306 fronte
1442 2239 1503 2293 (soa)

320 2330 350 2388 ot
369 2321 504 2404 occipitio
526 2327 750 2403 conquassatus,
771 2321 864 2382 oculis
882 2321 989 2397 hebes,
1013 2322 1135 2385 naribus
1159 2321 1285 2396 hiulcus,
1305 2320 1429 2401 pedibus

320 2425 457 2488 caducus.
488 2424 634 2486 maximus
650 2421 785 2484 omnium
800 2441 903 2502 magus
918 2431 973 2498 est,
996 2442 1055 2504 quo
1071 2431 1223 2505 praesente
1239 2424 1359 2486 Thallus
1379 2422 1430 2486 diu

169 2527 452 2602 xxxxpmsteterit:
468 2525 507 2586 ita
521 2523 815 2604 plerumquemorbo
829 2543 886 2586 oen
900 2543 1007 2588 somno
1022 2545 1148 2606 uergens
1162 2526 1328 2590 inclinatur.
1361 2542 1428 2588 enm
1450 2543 1486 2595 20

320 2635 420 2690 tamen
430 2647 488 2688 uos
499 2626 677 2691 carminibus
688 2625 763 2688 meis
774 2625 1082 2704 subuersumdixistis,
1095 2629 1174 2710 quod
1182 2629 1260 2691 lorte
1271 2647 1320 2690 me
1331 2611 1431 2691 coram

321 2729 414 2792 semel
428 2728 544 2790 decidit.
574 2727 711 2790 conserui
725 2727 787 2792 eius
802 2718 934 2810 plerique
947 2728 1065 2806 adsunt,
1081 2749 1156 2811 quos
1171 2730 1301 2794 exhiberi
1315 2730 1430 2794 denun-

323 2830 427 2895 tiastis.
453 2837 582 2911 possunt
595 2829 691 2892 dicere
706 2847 820 2906 omnes,
837 2831 908 2910 quid
922 2831 955 2892 in
968 2831 1070 2894 Thallo
1086 2833 1240 2914 despuant,
1256 2851 1407 2897 curnemo
1424 2828 1429 2918 l

233 2979 250 3020 p
259 2979 305 3019 12„
321 2935 428 3000 audeat
437 2953 506 2998 curn
516 2953 551 2997 eo
564 2953 600 2996 ex
608 2935 713 2999 eodem
722 2934 819 2999 catino
832 2952 944 3010 cenare,
960 2935 1066 2998 eodem
1077 2935 1184 3016 poculo
1195 2935 1305 2998 bibere.
1321 2935 1431 3016 etquid

322 3057 377 3120 ego
387 3038 424 3101 de
432 3034 549 3100 seruis?
560 3056 616 3100 uos
626 3037 693 3118 ipsi,
703 3039 731 3098 si
741 3037 976 3118 uadetis,negate
983 3023 1129 3114 Thallum,
1141 3039 1235 3100 multo
1247 3038 1330 3119 prius
1341 3055 1430 3119 quam
1448 3076 1487 3131 25

322 3156 377 3222 ego
387 3141 478 3202 Oeam
490 3141 634 3224 uenirem,
644 3158 782 3203 corruere
793 3158 828 3202 eo
839 3139 946 3202 morbo
955 3139 1087 3217 solitum,
1099 3140 1219 3204 medicis
1227 3159 1314 3222 saepe
1322 3158 1429 3204 nume-

322 3263 358 3312 το
370 3251 534 3318 ostensum,
549 3243 722 3322 nepenthes
733 3241 871 3318 conserui
882 3242 945 3308 eius
957 3243 1086 3324 quisunt
1095 3243 1128 3306 in
1137 3242 1303 3306 ministerio
1313 3250 1428 3308 uestro:

323 3347 458 3410 omnium
472 3363 573 3408 rerum
587 3345 757 3407 conuictum
771 3363 820 3407 me
833 3345 957 3420 fatebor,
977 3345 1035 3407 nisi
1048 3363 1102 3408 rua
1121 3347 1192 3408 odeo
1212 3345 1347 3408 omnum
1363 3347 1432 3408 aisa

258 3562 275 3578 .
325 3509 357 3557 ιι
376 3507 464 3557 ramur.
482 3506 513 3556 aa
526 3507 578 3556 aa
595 3507 703 3574 rpem.
722 3521 745 3560 a.
764 3507 798 3556 aa
816 3504 852 3572 (p.
870 3507 923 3556 aso
941 3505 1052 3576 naeus).

866 3619 879 3650 0

392 3664 404 3716 1
420 3663 581 3716 externariv
604 3661 732 3734 flduelnd
743 3660 789 3717 FV
815 3661 820 3731 Ι
851 3657 978 3732 saporem
1001 3661 1011 3732 ΙΙ
1034 3667 1051 3718 4
1067 3673 1125 3718 utut
1141 3666 1242 3720 Coimus
1265 3665 1276 3736 l
1304 3665 1430 3735 dpralraa

321 3743 487 3810 Stawaclrtua,
504 3745 617 3812 procidis
632 3743 734 3796 Gruter.
750 3747 846 3815 sarapte.
861 3745 927 3796 aad.
944 3742 1051 3798 xxlla
1074 3747 1085 3817 ll
1113 3749 1172 3800 San
1188 3747 1267 3818 rav,
1280 3756 1323 3800 aut
1341 3765 1354 3806 ς
1376 3746 1387 3817 ΙΙ
1413 3750 1429 3800 9

321 3829 513 3894 ἀίηίυὰῑίοηοω]
532 3827 640 3878 diuinam
652 3833 767 3878 naturam
780 3823 969 3895 easacaonosl]
994 3828 1025 3880 10
1038 3829 1120 3880 sautia
1131 3845 1149 3881 v
1172 3827 1184 3898 i
1209 3828 1240 3882 14
1257 3837 1385 3882 caeterum
1402 3846 1428 3883 v:

322 3917 391 3964 certe
405 3910 470 3960 anim
482 3909 587 3960 Iudaica
610 3905 622 3978 fl
647 3909 678 3959 ld
694 3905 802 3958 inlectus
819 3917 836 3960 v
863 3907 874 3978 i
899 3909 931 3960 16
943 3923 975 3959 an
986 3907 1041 3975 FV,
1054 3917 1098 3960 aut
1110 3927 1144 3979 p:
1157 3910 1250 3963 delevit
1265 3906 1432 3979 secuml

324 3991 354 4042 17
367 3988 622 4044 o'u'rllictationihusV
650 3988 661 4058 ll
689 3988 1038 4056 noeau1eedcaeaoaooos
1059 3989 1071 4060 fl
1095 3988 1128 4042 22
1144 3991 1277 4044 exiberiF
1300 3989 1312 4062 ΙΙ
1340 3993 1372 4044 23
1385 3989 1430 4050 da·

323 4125 489 4179 unueiastisv
515 4125 521 4192 Ι
547 4127 645 4191 ornnes]
666 4101 697 4190 ip
713 4124 744 4190 V,
760 4124 901 4182 hominene
916 4123 927 4194 u
941 4125 1130 4194 aenoandron
1150 4125 1161 4196 i
1184 4125 1431 4180 25siaudotisSal-

322 4211 431 4258 mue:
443 4207 537 4258 uidetis
549 4207 623 4274 va:
636 4207 735 4260 audatis
747 4206 942 4265 Hildabraraditra
957 4205 966 4275 ll
991 4207 1025 4260 26
1036 4206 1116 4258 deam
1127 4224 1145 4261 v
1174 4207 1184 4278 fl
1215 4210 1248 4262 27
1266 4213 1359 4274 nepam
1372 4207 1430 4262 Sd·

321 4291 430 4340 maaian
445 4293 536 4350 negant
548 4287 610 4356 Fapv
622 4285 633 4356 ll
646 4290 678 4340 28
690 4305 735 4342 rua
748 4292 810 4343 adeo
824 4294 931 4346 omnium
943 4295 1000 4348 nisu
1017 4295 1059 4344 diu
1072 4295 1177 4362 soripatr
1191 4309 1254 4350 rasa
1270 4296 1301 4346 da
1318 4292 1428 4346 amnium
