3232 5028
264 341 268 345 ’
319 376 390 454 aa·
668 383 697 435 u.
716 379 839 436 arvum
857 378 1094 434 uanavrnusrs

177 475 265 516 11198.
281 473 297 518 i.
303 473 352 514 1tb.
1352 465 1394 506 nd.
1405 463 1512 507 otnant.
1606 479 1607 488 ¹

328 538 559 614 consentiebant,
590 537 713 618 penuria
741 535 922 600 matrimonii
951 535 1092 600 morbum
1114 533 1295 614 quaesitum,
1326 531 1438 594 malum
1517 595 1519 598 .

328 642 359 704 in
369 641 432 704 dies
442 640 550 720 augeri,
563 639 774 720 aegritudinem
785 639 1001 719 ingrauescere:
1013 637 1086 698 dum
1097 636 1198 698 aetatis
1210 634 1318 716 aliquid
1332 653 1439 716 supcr-

330 742 377 816 sit,
401 743 512 823 nuptiis
536 742 736 804 ualetudinem
761 740 977 804 medicandum.
1018 739 1178 817 consilium
1203 738 1281 801 istud
1302 757 1371 801 curn
1391 736 1440 798 alii

329 844 540 930 approbabant,
554 851 620 908 tum
634 845 760 908 maxime
779 843 958 906 Aemilianus
978 841 1043 917 iste,
1064 840 1114 922 qui
1133 842 1221 923 paulo
1241 841 1323 922 prius
1344 839 1438 902 confi-

329 946 501 1010 dentissimo
517 949 670 1010 mendacio
685 947 885 1026 adseuerabat,
900 962 1053 1023 nunquam
1067 943 1104 1005 de
1115 943 1225 1025 nuptiis
1241 942 1437 1006 Pudentillam
1459 951 1475 1000 5

329 1043 482 1128 cogitasse,
497 1048 670 1131 priusquam
685 1049 762 1111 foret
776 1048 896 1128 magicis
911 1046 1059 1110 maleficiis
1080 1064 1097 1108 a
1112 1064 1160 1108 me
1179 1053 1295 1109 coacta:
1317 1063 1365 1108 me
1387 1063 1438 1106 so-

328 1149 391 1214 lum
416 1156 577 1231 repertum,
608 1151 658 1229 qui
689 1150 852 1214 uiduitatis.
871 1149 934 1212 eius
962 1150 1045 1211 uelut
1070 1148 1217 1229 quandam
1238 1148 1438 1228 uirginitatem

330 1251 510 1314 carminibus
532 1259 561 1314 et
575 1251 698 1314 uenenis
713 1253 865 1315 uiolarem.
895 1268 983 1332 saepe
1005 1250 1105 1312 audiui
1124 1268 1187 1313 non
1207 1250 1242 1312 de
1260 1250 1351 1312 nihilo
1373 1249 1438 1323 dici,

329 1355 501 1417 mendacem
516 1370 679 1416 memorem
695 1372 760 1416 esse
776 1359 921 1434 oportere.
957 1361 986 1416 at
1005 1352 1067 1428 tibi,
1087 1351 1256 1428 Aemiliane,
1276 1368 1344 1415 non
1357 1351 1440 1413 uenit

329 1456 361 1518 in
375 1463 516 1530 mentem,
531 1457 704 1539 priusquam
719 1474 773 1536 ego
789 1456 880 1518 Oeam
895 1456 1038 1531 uenirem,
1053 1462 1082 1516 te
1097 1455 1194 1518 literas
1209 1455 1296 1517 etiam
1316 1455 1360 1516 uti
1378 1471 1436 1536 nu·
1451 1427 1510 1547 (ἐξ)

253 1609 259 1620 .
295 1593 315 1624 ι,
330 1559 414 1622 beret
428 1559 580 1640 scripsisse
595 1560 631 1623 ad
651 1555 656 1643 Ι
674 1559 768 1620 filium
779 1559 841 1620 eius
853 1558 1042 1633 Pontianum,
1055 1545 1105 1638 qui
1118 1563 1184 1620 tum
1199 1557 1316 1620 adultus
1326 1556 1438 1618 Romae

330 1659 454 1740 agebat?
477 1663 549 1724 cedo
564 1667 598 1724 tu
619 1661 774 1742 epistulam
794 1662 843 1724 uel
857 1661 957 1742 potius
973 1661 1009 1722 da
1022 1660 1093 1744 ipsi:
1113 1661 1198 1742 legat,
1220 1677 1274 1722 sua
1293 1658 1348 1721 sibi
1364 1677 1438 1720 uoce

331 1763 450 1844 suusque
465 1764 564 1827 uerbis
580 1783 646 1828 sese
660 1763 800 1828 reuincat.

416 1967 508 2032 llstne
527 1969 599 2032 haec
620 1976 670 2031 tua
688 1965 835 2050 epistula?
865 1967 935 2051 quid
950 1965 1100 2050 palluistii
1128 1984 1199 2031 nam
1218 1965 1389 2030 erubescere
1405 1972 1438 2028 tu

331 2069 449 2150 quidem
464 2087 526 2132 non
540 2076 635 2152 potes.
658 2077 741 2135 estne
754 2078 805 2133 tua
825 2072 882 2134 ista
896 2067 1096 2152 subscriptio?
1124 2066 1230 2154 recillta
1250 2087 1359 2151 quaeso
1378 2067 1438 2130 cla·
1460 2075 1492 2126 15

330 2172 403 2248 rius,
422 2179 456 2234 ut
477 2190 581 2236 omnes
600 2173 777 2253 intellegant,
804 2180 948 2254 quantum
968 2173 1067 2254 lingua
1086 2173 1150 2235 eius
1172 2190 1264 2236 manu
1284 2171 1437 2252 discrepet,

330 2280 533 2355 quantumque
546 2273 647 2338 minor
660 2274 701 2337 illi
715 2275 754 2337 sit
768 2292 886 2337 meeum
901 2293 989 2356 quam
1004 2294 1106 2340 secum
1121 2275 1275 2340 dissensio.

237 2487 313 2540 Lxx
416 2477 603 2558 Scripsistine
622 2478 704 2555 haec,
723 2478 892 2556 Aemiliano,
914 2499 987 2563 quae
1007 2482 1080 2546 lecta
1100 2477 1193 2544 sunt?
1215 2471 1338 2544 ‘nubere
1358 2478 1436 2540 illam

330 2581 405 2642 uelle
430 2587 460 2641 et
483 2580 590 2644 debere
612 2582 684 2656 scio,
710 2583 763 2644 scd
785 2600 874 2663 quem
894 2583 981 2664 eligat
1000 2575 1119 2648 nescio?
1152 2589 1232 2646 recte
1251 2589 1285 2644 tu
1304 2581 1437 2662 quidem:
1467 2613 1469 2620 ·

331 2681 491 2744 nesciebas.
520 2683 685 2747 Pudentilla
700 2684 779 2746 enim
793 2684 856 2760 tibi,
871 2685 955 2750 cuius
969 2687 1107 2749 infestam
1121 2685 1333 2766 malignitatem
1346 2681 1437 2765 probe
1458 2683 1493 2735 20

330 2788 427 2856 norat,
443 2783 479 2846 de
493 2783 558 2864 ipsa
571 2803 604 2848 re
617 2790 743 2860 tantum,
759 2793 890 2850 ceterum
904 2788 940 2850 de
955 2790 1080 2870 petitore
1094 2789 1167 2852 nihil
1181 2786 1335 2849 fatebatur.
1361 2790 1390 2846 at
1404 2790 1439 2845 tu

331 2884 403 2947 dum
418 2904 484 2948 eam
499 2893 586 2968 putas
606 2886 768 2951 etiamnum
789 2889 873 2952 Claro
888 2891 972 2953 fratri
994 2898 1047 2956 tuo
1066 2893 1284 2973 denupturam,
1299 2887 1372 2950 falsa
1387 2904 1440 2969 spe

330 2987 467 3051 inductus
482 2988 541 3051 fibo
557 3007 675 3070 quoque
692 2989 756 3070 eius
775 2989 921 3057 Pontiano
942 3002 1045 3058 auctor
1063 2992 1240 3057 assentiendi
1258 2991 1350 3054 bruti
1384 2989 1440 3069 igi-

330 3094 381 3152 tur
393 3089 420 3152 si
439 3083 524 3156 Claro
544 3092 704 3174 nupsisset,
723 3092 838 3156 bomini
857 3095 1007 3160 rusticamo
1027 3103 1057 3158 et
1072 3094 1219 3176 decrepito
1239 3091 1312 3167 seui,
1331 3097 1439 3172 sponte

331 3208 395 3254 eam
410 3191 521 3258 diceres
536 3193 600 3258 sine
613 3195 672 3259 ulla
686 3189 854 3279 magia'iam
866 3198 936 3262 olim
947 3198 1132 3282 nupturisse:
1148 3196 1288 3278 quoniam
1299 3195 1438 3258 iuuenem
1460 3197 1494 3248 2⁵

682 3431 692 3472 t
994 3465 997 3469 .

400 3481 557 3538 armabor
594 3483 601 3553 Ι
637 3485 807 3539 ualetudinem
824 3486 855 3553 ll,
871 3488 1035 3542 ualitudinem
1051 3503 1092 3559 pv
1107 3485 1112 3556 Ι
1130 3490 1255 3556 sortasse
1266 3484 1437 3538 medicandam

329 3561 338 3634 ll
358 3567 375 3618 4
386 3565 559 3633 approbabant
571 3581 592 3631 ς,
605 3565 745 3632 approbant
757 3567 804 3634 nv,
816 3569 987 3636 approbarent
998 3589 1032 3640 ap:
1046 3569 1217 3638 approbarunt
1229 3567 1439 3635 lungarmormua

329 3645 338 3715 ΙΙ
360 3643 583 3714 tranquaut!
608 3646 701 3698 nubtiis
712 3646 759 3701 FV
781 3645 792 3716 ΙΙ
820 3651 836 3701 'l
854 3651 985 3705 uiduitatis
1001 3653 1057 3704 eius
1073 3651 1151 3722 FrpV,
1175 3650 1324 3704 uiduitatem
1344 3650 1399 3702 eius
1418 3664 1440 3712 ς,

330 3727 462 3780 uiduitatis
474 3729 562 3778 nomm
570 3728 749 3781 confluentiam
761 3729 816 3782 ains
828 3747 896 3784 naue
909 3733 991 3787 codem
1002 3734 1138 3788 demeris
1149 3737 1237 3786 nomo:
1249 3729 1381 3783 uiduitatis
1393 3731 1440 3780 do-

331 3824 384 3860 rem
397 3809 583 3875 eiusBoarcbo,
594 3811 725 3864 uiduitatis
742 3812 901 3864 saneutatem
916 3815 971 3867 eius
987 3814 1183 3868 Hildebrandinr
1205 3809 1216 3880 1
1240 3813 1256 3864 8
1269 3812 1361 3863 nicbilo
1373 3809 1418 3879 re
1432 3808 1442 3878 ll

331 3891 514 3944 detramur
537 3888 548 3961 ΙΙ
572 3892 748 3946 iblittarasv
772 3888 783 3962 ΙΙ
808 3893 836 3945 11
853 3894 1023 3949 scribsissoV
1046 3893 1056 3963 ΙΙ
1082 3897 1112 3948 12
1126 3897 1216 3961 agebat
1230 3911 1251 3959 ς,
1263 3893 1347 3945 aiebat
1358 3889 1441 3960 Prpvl

331 3972 464 4037 epistolam
475 3971 564 4042 val
587 3974 740 4042 llepistola
756 3972 852 4044 vall
882 3976 913 4027 tt
932 3975 1121 4030 subscribtioV
1148 3976 1159 4046 ΙΙ
1194 3976 1226 4028 16
1241 3973 1390 4038 intellegant
1406 3969 1440 4035 V,

330 4051 475 4116 intelligant
486 4053 532 4121 Pp
552 4051 562 4121 Ε
579 4053 610 4104 17
628 4062 771 4124 quantoque
787 4055 911 4108 Pricaeus
925 4055 931 4125 Ι
945 4056 1033 4109 illisll'
1052 4055 1058 4124 Ι
1077 4057 1241 4126 durentiam
1264 4054 1275 4125 ΙΙ
1303 4055 1333 4106 21
1351 4059 1441 4104 eaete-

331 4147 416 4185 rnmv
441 4137 447 4200 Ι
473 4133 549 4186 uiobil
565 4133 611 4204 Pap
634 4133 645 4203 l
679 4137 712 4189 22
724 4137 800 4190 otiam
812 4152 906 4190 nuncu
931 4135 937 4206 Ι
962 4136 1129 4192 teaubtumm
1140 4137 1210 4208 rev
1243 4135 1256 4205 Ι
1289 4135 1410 4188 tinctor
1423 4149 1442 4186 r

330 4209 339 4277 ΙΙ
360 4213 393 4263 24
405 4212 569 4267 nubsissatP
593 4213 604 4283 ΙΙ
627 4216 660 4268 25
673 4217 818 4271 nubtnrirsa
830 4217 900 4288 PapV
921 4215 933 4288 Ι
