3232 5028
303 469 347 534 st
651 461 680 516 ι.
699 461 822 518 arvum
834 459 1070 518 ulnavauusts

159 553 334 596 1119111181.
1323 547 1368 592 Ed.
1383 547 1491 592 oddoni.
1601 589 1602 592 ,

230 629 233 632 “
310 619 450 684 comment
465 617 558 700 probe
581 613 587 702 Ι
610 623 790 700 spectassem
808 623 838 682 et
858 616 1005 680 tumetum
1024 615 1088 680 eius
1107 613 1192 680 dotes
1207 615 1416 696 explorassem,

310 722 363 786 sed
382 727 485 803 utpote
505 718 748 803 peregrinationis
768 719 889 801 oupiens
909 716 1153 799 impedimentum
1168 717 1349 782 testimonii
1363 718 1418 780 ali·

277 875 279 883 ,
309 823 479 906 quantisper
491 839 707 888 recmaueram.
736 829 808 886 mox
820 821 1023 885 tementalem
1037 819 1177 884 feminam
1192 820 1283 884 nihilo
1299 820 1417 901 segnius

305 923 400 1002 'uoltu
416 943 506 1007 quam
519 925 546 988 si
559 925 638 990 ultro
654 925 841 1007 appetissem.
867 930 1054 1005 persuaserat
1063 922 1142 986 idem
1156 923 1319 986 Pontianus
1330 922 1417 995 matri

310 1047 389 1104 suae,
409 1035 445 1092 ut
462 1047 510 1092 me
530 1027 593 1096 aliis
612 1025 751 1096 omnibus
773 1027 881 1101 mallet,
908 1032 937 1090 et
956 1043 1046 1107 quam
1060 1025 1192 1107 primum
1206 1027 1264 1090 boc
1277 1025 1417 1108 perticere
1438 1034 1454 1085 o

308 1129 469 1196 incredibili
483 1128 582 1194 studio
599 1128 712 1198 auebat.
743 1129 793 1195 uir
808 1127 844 1192 ab
863 1147 900 1192 eo
915 1130 1059 1195 tantulam
1077 1141 1194 1192 morem
1214 1129 1417 1210 impetramus,

309 1235 381 1298 dum
406 1232 488 1316 prius
514 1231 578 1314 ipse
602 1248 727 1296 uxorem
752 1232 881 1307 duceret,
906 1231 999 1296 irater
1024 1231 1087 1298 eius
1111 1227 1209 1298 uirilis.
1224 1238 1310 1312 togae
1328 1247 1417 1296 usum

266 1331 288 1378 s
309 1337 524 1420 auspicaretur:
539 1341 611 1398 tunc
624 1334 730 1402 deindo
744 1317 847 1398 utiles
862 1334 1117 1416 coniunqemmur.

176 1423 294 1536 Lffil}
396 1437 512 1503 Vtinam
532 1436 652 1502 beroldo
669 1453 790 1518 possem
808 1455 884 1519 quas
904 1436 1009 1501 deinde
1029 1435 1154 1504 desuda
1165 1441 1236 1498 sunt
1249 1431 1263 1520 1
1277 1435 1342 1498 sino
1352 1451 1417 1498 roa-

308 1543 389 1608 rimo
403 1559 508 1604 causae
522 1539 676 1623 dispendio
691 1537 869 1624 transgredi!
888 1556 926 1604 ne
939 1537 1095 1615 Pontiano,
1116 1539 1164 1602 cui
1182 1555 1314 1602 errorem
1329 1555 1418 1602 suum
1440 1543 1472 1594 to

310 1644 477 1728 deprecanti
503 1643 675 1726 simpliciter
692 1642 803 1726 ignom,
828 1642 931 1708 uidear
954 1659 1035 1706 nune
1058 1633 1206 1704 leuitatem
1232 1641 1418 1722 exprobrare.

310 1748 455 1812 confiteor
472 1746 562 1821 enim,
588 1744 669 1827 quod
688 1743 761 1809 mibi
786 1743 934 1810 obiectum
949 1752 1006 1820 est,
1027 1761 1106 1820 eum,
1121 1751 1280 1827 postquam
1294 1733 1419 1808 uxorem

311 1848 434 1924 emeat
461 1847 635 1928 acompeeti
659 1847 716 1914 tide
734 1845 897 1912 dmciuisse
919 1865 954 1927 ac
972 1847 1130 1930 derepente
1151 1847 1241 1910 animi
1259 1853 1418 1920 mutatum,

310 1952 394 2034 quod
404 1957 489 2012 antea
501 1947 594 2011 nimio
610 1947 708 2012 studio
723 1947 885 2026 festinarat,
905 1950 968 2032 pari
982 1949 1139 2032 pertinacia
1153 1949 1417 2032 prohibitum-isse,

310 2055 436 2135 denique
454 2043 493 2116 no
502 2049 734 2116 matrimonium
748 2059 887 2116 neruum
898 2054 1085 2132 coalesceret,
1107 2051 1225 2133 qtriduis
1238 2051 1308 2134 pati,
1329 2050 1416 2132 quit-
1431 2037 1492 2158 (ἔξω

309 2158 356 2220 uis
375 2157 471 2219 iacere
490 2160 625 2237 paratum
641 2150 747 2228 tuisse,
774 2172 952 2240 quamquam
968 2155 1065 2220 omnis
1087 2155 1135 2219 illa
1148 2161 1213 2218 tum
1227 2152 1314 2218 tosta
1327 2153 1417 2218 animi

310 2259 434 2322 mutatio
449 2265 479 2321 et
493 2263 630 2339 suscepta
644 2262 747 2320 contra
760 2265 885 2322 matrem
901 2257 1036 2320 simultas
1047 2273 1110 2320 non
1119 2257 1177 2340 ipsi
1187 2256 1260 2319 uitio
1276 2256 1420 2322 uortenda

310 2364 359 2439 sit,
373 2363 425 2424 sed
440 2379 544 2424 socero
564 2359 628 2422 cius
643 2360 734 2423 occidi
747 2357 894 2424 Herennio
910 2353 1027 2436 uuunq‘
1048 2359 1098 2441 qui
1116 2356 1211 2422 uuum
1225 2358 1372 2422 nemiuem
1387 2357 1420 2420 in

310 2465 397 2528 terris
428 2463 565 2528 uiliorem
591 2481 624 2524 se
649 2468 700 2527 aut
724 2462 937 2546 improbiorem
963 2471 1014 2528 aut
1037 2462 1265 2548 inquinatiorem
1293 2461 1418 2542 reliquit.

311 2567 411 2648 paucis
430 2565 593 2640 hominem,
619 2581 708 2649 mam
727 2565 946 2630 modestissime
965 2573 1080 2648 potero,
1093 2565 1271 2628 :necessario
1293 2564 1417 2628 demon·
1438 2569 1471 2622 20

311 2669 482 2744 strabo-oe,
498 2668 524 2730 si
538 2668 660 2732 omuino
676 2667 712 2732 de
728 2687 766 2732 eo
779 2668 934 2744 reticuere,
947 2685 1071 2750 operam
1086 2666 1254 2751 perdiderit,
1270 2668 1350 2748 quod
1364 2680 1417 2730 ne-

309 2771 423 2850 gotium
438 2770 518 2833 istud
532 2769 605 2834 milri
620 2789 655 2834 ex
669 2771 795 2852 summis
809 2770 924 2834 uiribus
938 2771 1084 2834 conflauit.

392 2872 446 2936 Hic
461 2878 506 2940 est
521 2871 600 2935 euim
614 2872 730 2953 pueruli
744 2872 833 2936 huius
853 2872 1016 2955 instigator,
1032 2873 1079 2935 hic
1098 2872 1290 2936 accusationis
1305 2879 1416 2946 auctor,

307 2975 355 3045 hic
374 2959 588 3040 aduocatorum
609 2969 782 3052 conductor,
802 2976 850 3039 bic
868 2976 990 3039 testium
1010 2965 1176 3056 coemptor,
1193 2975 1242 3038 bic
1261 2973 1352 3038 totius
1367 2992 1416 3064 ca-

219 3132 224 3144 .
306 3079 615 3162 lumniaeferuaoula,
640 3079 689 3143 hie
706 3077 860 3144 Aemiliani
884 3077 973 3143 huius
992 3079 1041 3142 fau
1060 3084 1090 3140 et
1109 3078 1265 3160 flagellum,
1284 3059 1416 3158 idemque
1438 3081 1472 3133 25

307 3183 498 3282 apud'omtris
513 3180 977 3272 intemperantissime'gloriatun
999 3195 1048 3278 mc
1067 3199 1122 3246 suo
1142 3178 1315 3256 machiaatu
1332 3197 1416 3244 mum

376 3471 538 3544 lprobpl.qo
567 3471 573 3540 1
603 3463 772 3526 mnndumv
799 3470 810 3542 1
839 3471 999 3526 diocmlnam
1014 3489 1032 3526 v
1060 3471 1067 3542 1
1097 3471 1189 3526 nichilo
1201 3469 1247 3541 qu
1268 3471 1282 3539 ’1
1313 3472 1416 3538 sequius

306 3549 484 3623 Salmdrimfl
512 3553 634 3606 tmesi
655 3552 667 3624 1
691 3551 1031 3621 SdcindeJmclimdemnm
1053 3551 1064 3624 1
1089 3547 1263 3608 lubet-rorem
1275 3549 1355 3622 11φ1
1383 3551 1413 3602 11

306 3633 478 3703 exprobaret
501 3633 513 3704 1
537 3635 569 3690 13
581 3635 605 3700 a]
613 3635 657 3694 ·.·d
669 3633 732 3690 Ft'a
740 3639 873 3706 mergatis·
888 3635 893 3704 Ι
929 3636 1053 3704 compecti
1064 3629 1270 3689 Hildabroeoda'ua:
1287 3631 1417 3700 conspecti

306 3714 359 3787 bip,
372 3715 502 3786 eduspoctl
512 3715 549 3774 Va
566 3714 688 3786 conceptu
704 3715 830 3787 Scaliger,
851 3711 981 3786 compecto
1001 3717 1109 3785 Colum,
1132 3723 1267 3784 conspecta
1283 3715 1427 3780 Preme·

154 3815 159 3824 ’
213 3851 218 3860 ,
305 3797 548 3855 comessatorem
569 3796 582 3868 1
606 3799 638 3854 to
651 3813 681 3852 uo
694 3814 773 3858 eom
798 3797 803 3865 Ι
830 3799 1193 3870 υοεῑῑωιιυοσοαΙοσοποῑ·φ
1217 3793 1228 3866 1
1252 3797 1285 3850 ld
1304 3793 1416 3868 quamuis

855 3882 961 3936 crimea.
976 3880 1028 3937 eso.)
1367 3877 1371 3880 ’

304 3951 321 3986 v
347 3935 352 4004 Ι
378 3933 595 4005 aulmlloedrcl
619 3936 650 3990 ll
664 3933 955 4002 demutabuuteada
1056 3954 1080 4007 φ
1103 3933 1114 4004 1
1146 3933 1179 3986 ts
1195 3949 1245 3996 uuo
1269 3933 1417 3984 neminem-

304 4015 421 4068 uiliorem
440 4033 468 4071 se
487 4025 531 4072 ant
551 4018 623 4085 lmpr.
640 4017 758 4087 Seob'qqer
784 4013 796 4088 1
825 4017 856 4074 19
869 4017 977 4088 reliquid
993 4017 1015 4072 F
1034 4014 1048 4086 1
1070 4017 1103 4071 20
1119 4016 1280 4083 perpensius
1301 4012 1312 4082 1
1335 4013 1365 4065 21
1384 4028 1414 4063 νῦ

305 4097 327 4147 si
340 4097 519 4152 condones:
533 4097 674 4170 nostrove
691 4115 749 4154 uam
765 4100 788 4154 sl
805 4097 1010 4168 lindenbrogius
1037 4097 1048 4170 1
1076 4089 1109 4152 tt
1126 4096 1238 4151 rrriclrill
1266 4093 1277 4165 1
1304 4095 1415 4158 aserim
1527 4129 1534 4138 „

305 4183 371 4237 ests
401 4173 412 4246 1
444 4179 749 4254 ltredemptorhipriua
774 4181 781 4250 Ι
802 4181 979 4251 calumpniam
1011 4179 1023 4250 1
1055 4180 1089 4232 25
1106 4177 1233 4254 babellum
1246 4177 1386 4234 Wowerur
1409 4173 1416 4248 1
1599 4163 1602 4174 ’

895 4273 908 4304 0
923 4261 989 4317 (aaa.
998 4263 1058 4318 sec.)

284 4317 286 4320 '
304 4311 418 4377 ¹demque
433 4314 538 4380 scripsi:
551 4311 626 4380 ldque
637 4311 700 4384 rev
723 4313 734 4386 1
751 4317 787 4368 ld
798 4315 1086 4385 intemperantissimoll
1107 4314 1118 4384 1
