3232 5028
320 411 362 482 aa
512 460 515 465 .
671 417 699 470 n
718 411 841 471 arvum
857 411 1095 472 mutunensis

168 501 185 542 1.
194 498 256 541 liet.
271 501 288 541 l.
296 503 343 542 tta
1339 505 1381 546 na.
1397 503 1505 547 ostend.

207 565 301 677 1»ξὲῐὲ
403 570 481 646 Quid
495 572 584 652 igitur
598 568 665 633 esti
688 571 781 633 cuiuis
796 572 873 635 clare
884 571 1010 655 diflucet,
1026 573 1111 634 aliam
1122 584 1187 636 rem
1198 572 1309 636 inuidia
1319 574 1431 643 nullam
1493 639 1498 647 ,

242 663 247 674 ’
299 663 304 676 ’
320 692 387 738 esse
397 675 560 756 quaehunc
573 681 603 737 et
613 674 794 738 Herennium
806 673 956 750 Rufinum,
966 675 1160 756 impulsorem
1171 675 1261 738 buius
1277 671 1289 760 Ι
1308 675 1428 757 [dequo

320 778 692 857 mordicamhcetercsqne
700 776 835 840 inimicos
844 775 1139 840 meosadnectendas
1148 779 1260 858 magiae
1270 778 1431 842 calumnias

319 881 498 959 procurarit.
534 881 663 960 quinque
682 879 770 959 igitur
788 895 836 941 res
857 886 935 954 sunt,
964 897 1040 960 quas
1057 899 1106 941 me
1131 886 1249 961 oportet
1267 880 1425 961 disputare.
1442 901 1504 955 (seo)

318 997 387 1042 narn
404 983 428 1043 si
443 983 535 1063 probe
549 981 681 1055 memini,
703 981 780 1060 quod
802 982 838 1043 ad
852 981 1047 1044 Pudentillam
1062 982 1173 1056 attinet,
1194 983 1267 1044 llaec
1281 983 1427 1046 obieoere:
1450 991 1466 1040 5

312 1082 317 1093 “
402 1085 465 1147 Vna
479 1103 526 1147 res
547 1091 600 1158 est,
621 1084 701 1164 quod
720 1071 872 1164 nunipuam
892 1103 956 1145 earn
976 1085 1107 1148 uoluisse
1126 1083 1238 1148 nubere
1256 1092 1326 1166 post
1343 1086 1428 1167 priu-

316 1201 381 1248 rem
396 1188 545 1262 maritum,
566 1187 617 1252 sed
637 1186 712 1248 ineis
732 1186 909 1248 carminibus
930 1191 1062 1248 coactam
1083 1187 1195 1250 dixere:
1216 1189 1306 1250 alteru
1320 1204 1368 1250 res
1383 1195 1427 1250 est

316 1288 352 1350 de
367 1289 499 1370 epistulis
514 1291 586 1365 eius,
603 1304 692 1369 quam
707 1289 925 1352 confessionem
945 1291 1057 1370 magiae
1078 1297 1196 1371 putant:
1217 1287 1323 1350 deinde
1341 1305 1427 1350 sexa·

314 1391 426 1470 gesimo
442 1409 520 1454 anno
538 1392 639 1454 aetatis
654 1392 690 1453 ad
705 1391 865 1454 lubidinem
880 1392 1027 1472 nupsisse,
1044 1397 1074 1453 et
1090 1391 1168 1471 quod
1185 1393 1216 1452 in
1229 1391 1299 1454 uilla
1314 1407 1348 1452 ao
1363 1407 1425 1455 non
1461 1420 1468 1428 ‘

312 1492 343 1554 in
357 1494 467 1574 oppido
482 1494 598 1556 tabulae
612 1493 757 1574 nuptiales
780 1493 839 1554 sint
858 1495 1055 1574 consignatae,
1075 1493 1162 1555 tertio
1185 1500 1214 1554 et
1233 1500 1338 1574 quartu
1358 1493 1424 1555 loco
1447 1498 1480 1550 tu

313 1594 454 1658 obiecere.
489 1595 703 1668 nouissimam
726 1595 827 1656 eadem
847 1595 1077 1658 inuidiosissima
1102 1595 1266 1657 criminatio
1294 1595 1331 1656 da
1356 1593 1424 1656 dota

312 1696 382 1772 init3
397 1697 437 1759 ibi
453 1716 541 1761 omne
557 1698 640 1761 unus
655 1697 725 1759 totis
740 1696 855 1759 uiribus
870 1698 967 1760 adnixi
977 1698 1120 1771 enudare,
1132 1695 1176 1758 'ibi
1191 1697 1318 1758 maxime
1334 1711 1423 1775 ange-

312 1796 428 1861 bantur.
459 1807 546 1880 atque
561 1800 600 1861 ita
615 1801 725 1862 dixere:
742 1817 790 1860 me
805 1799 945 1878 mandem
961 1799 1060 1861 dotem
1072 1818 1142 1861 mox
1153 1799 1183 1860 in
1195 1797 1338 1881 principio
1350 1813 1424 1860 con-

312 1899 471 1962 iunctionis
482 1908 601 1963 nostrae
616 1901 732 1963 muberi
742 1903 851 1963 amanti
865 1902 987 1964 remotis
1002 1901 1118 1964 arbitris
1129 1902 1160 1963 in
1170 1901 1240 1962 uilla
1254 1899 1422 1962 extorsisse.

282 2027 293 2058 a
313 2021 387 2082 quae
402 2002 501 2064 omnia
515 2009 576 2064 mm
591 2003 673 2077 laisa,
690 2011 751 2065 tarn
765 2004 859 2092 nihili,
873 2010 934 2064 tam
949 2003 1046 2064 inania
1060 2003 1214 2065 ostendam
1230 2003 1362 2081 adeoque
1375 2002 1420 2063 la·
1442 2009 1475 2060 1⁵

317 2105 370 2165 cila
392 2111 422 2166 et
440 2106 503 2166 sine
523 2106 582 2167 ulla
606 2106 808 2168 controuersia
831 2101 975 2178 refutabo
1002 2112 1035 2166 ut
1058 2105 1172 2166 medius
1197 2104 1283 2165 fidius
1310 2121 1422 2178 uerear,

317 2206 440 2269 Maxime
456 2206 562 2288 quique
577 2207 608 2268 in
623 2207 744 2283 consilio
761 2208 841 2282 estis,
862 2225 900 2269 ne
914 2205 1076 2268 demissum
1091 2213 1120 2267 at
1135 2205 1329 2268 subornatum
1344 2223 1360 2268 a
1374 2223 1425 2266 mo

317 2316 518 2374 accusatorem
537 2309 656 2390 putetis,
682 2317 716 2371 ut
739 2309 881 2372 inuidiam
901 2327 998 2370 meam
1018 2315 1134 2388 reperta
1154 2309 1307 2372 occasione
1325 2307 1422 2389 palam

317 2411 538 2490 restinguerem.
565 2411 637 2473 rnibi
653 2411 770 2486 credite,
787 2412 866 2492 quod
881 2429 985 2492 reapse
995 2411 1192 2490 intellegatur:
1208 2411 1317 2492 oppido
1333 2428 1422 2490 quam

317 2512 390 2574 mihi
413 2512 607 2574 laborandum
628 2521 681 2588 est,
707 2531 744 2576 ne
767 2520 829 2575 tam
853 2513 990 2575 friuolam
1015 2513 1230 2577 accusationem
1249 2531 1308 2574 me·
1322 2511 1421 2592 potius
1441 2519 1475 2571 20

316 2614 416 2676 callide
431 2615 609 2694 excogitasse
624 2634 712 2696 quam
725 2615 791 2678 illos
807 2615 895 2676 stulte
909 2614 1073 2694 suscepisse
1087 2614 1267 2676 existimetis.

194 2717 299 2773 valll
401 2713 486 2778 Nunc
501 2717 572 2778 dum
588 2717 721 2779 ordinem
741 2718 783 2781 rei
797 2717 926 2780 breuiter
945 2734 1108 2798 persequor
1127 2719 1156 2777 et
1176 2715 1280 2802 efficio,
1305 2721 1338 2777 ut
1357 2714 1493 2794 ipseper)

315 2817 495 2880 Aemilianus
509 2836 543 2880 re
557 2818 674 2898 cognita
687 2819 761 2881 falso
778 2839 810 2882 se
819 2820 856 2882 ad
867 2819 1008 2883 inuidiam
1019 2835 1116 2880 meam
1126 2818 1282 2882 inductum
1296 2825 1325 2881 et
1335 2819 1421 2896 longe

272 2923 288 2959 e
316 2931 333 2982 a
346 2937 419 2984 uero
434 2921 585 2985 aburasso
600 2937 720 2984 necesse
726 2893 836 2987 liabaat
844 2921 995 2986 confiteri:
1011 2939 1130 3003 quaeso,
1145 2921 1189 2999 uti
1203 2921 1299 2986 adbuc
1312 2919 1421 2984 iecisds

385 3191 397 3245 1
413 3191 471 3259 clad
481 3191 511 3258 F,
525 3193 589 3244 clari
600 3192 656 3263 rpV,
669 3193 739 3245 eluro
752 3193 904 3259 ersortoaso
913 3193 1020 3246 claritas
1032 3192 1194 3246 reddendam
1206 3196 1258 3258 eat3
1272 3193 1308 3259 cs.
1320 3190 1418 3243 Obun'a.
1479 3215 1480 3218 ¹

316 3269 373 3342 llp.
392 3275 450 3339 214,
467 3276 484 3327 4
503 3274 533 3329 u.
555 3273 936 3340 l·clariusdialucet1abutua
966 3273 972 3342 Ι
997 3274 1156 3328 altomuro
1172 3287 1238 3338 coar,
1263 3271 1274 3340 Ι
1307 3274 1420 3324 icardo

315 3356 411 3422 dequo
432 3370 491 3406 mox
512 3346 602 3408 dicam'
616 3356 720 3418 sedum
748 3357 784 3423 us.
803 3369 830 3422 p.
852 3355 892 3419 70,
915 3355 946 3405 19
1017 3355 1205 3420 aeolumpniss
1225 3373 1249 3424 φ
1271 3352 1282 3422 Ι
1304 3355 1322 3407 4
1342 3353 1420 3418 igitur

315 3487 399 3540 datare
418 3488 475 3540 solt
495 3488 688 3540 Hildebrundtua
718 3487 722 3556 Ι
758 3435 966 3556 ΙηὲΙνὶιἜιᾝΙω
991 3489 1012 3541 F
1048 3486 1058 3557 ΙΙ
1083 3487 1231 3555 depictulis
1247 3485 1278 3552 V,
1302 3485 1419 3552 epistolis

316 3568 360 3638 litp
389 3567 400 3638 Ι
424 3571 439 3620 9
451 3569 585 3620 lubidinem
597 3568 652 3634 FV,
664 3568 790 3622 libidinem
803 3589 826 3640 φ
850 3568 854 3638 Ι
878 3570 993 3622 nubsisse
1005 3569 1059 3634 FV,
1072 3571 1187 3636 nupsisse
1200 3587 1223 3638 φ
1244 3565 1254 3637 ΙΙ
1276 3568 1308 3618 10
1319 3565 1419 3618 nubtia-

315 3649 390 3704 lcsV
421 3649 432 3718 ΙΙ
464 3651 496 3700 12
509 3650 690 3720 adnexinV,
708 3652 794 3704 adnixi
806 3669 820 3710 ς
849 3652 854 3719 Ι
886 3652 996 3703 effudere
1014 3650 1043 3716 F,
1066 3653 1194 3704 effundere
1208 3645 1254 3718 ‹pV
1285 3645 1290 3716 Ι
1321 3647 1363 3711 ibi]
1377 3647 1418 3698 ubi

314 3729 522 3796 longemanum
542 3728 552 3798 Ι
577 3731 609 3782 13
621 3748 680 3783 mox
692 3733 725 3796 in]
739 3733 798 3783 exin
811 3731 911 3784 Celadus
934 3730 944 3799 Ι
968 3733 1000 3784 14
1012 3734 1080 3784 iuter
1095 3732 1196 3784 mulieri
1213 3733 1239 3782 et
1254 3729 1347 3781 amanti
1358 3727 1417 3779 ult

315 3816 340 3862 ot
350 3810 375 3864 V
386 3815 426 3864 eat
437 3813 528 3864 lacuna
551 3809 563 3880 ΙΙ
586 3812 617 3863 15
630 3812 715 3864 nichili
727 3814 772 3882 lirp
793 3810 803 3880 Ι
829 3811 859 3862 11
873 3810 990 3862 emissum
1004 3812 1179 3878 Oaraobouue,
1191 3811 1340 3882 submissum
1353 3807 1418 3862 Wo-

314 3907 408 3958 werur‚
420 3893 557 3946 immissam
569 3893 682 3962 Lipsius,
692 3895 720 3946 »oi
732 3895 836 3946 missurn
847 3891 1003 3952 Stemeoba'us
1027 3891 1037 3962 Ι
1061 3893 1093 3944 18
1105 3894 1192 3958 meam]
1206 3891 1255 3944 mei
1270 3891 1394 3942 Pacorus
1411 3888 1420 3956 Ι

448 4009 450 4016 ν
1269 3981 1307 4012 ere
1324 3974 1409 4012 mam.

315 4025 347 4077 19
359 4028 463 4093 credite]
477 4036 548 4081 certe
560 4026 704 4082 Salmasius
718 4027 724 4096 Ι
743 4045 772 4082 re
784 4027 815 4080 ab
828 4043 855 4080 se
868 4043 908 4098 ‹pv
927 4027 932 4095 Ι
956 4025 1113 4091 intelligetur
1124 4041 1150 4092 v,
1161 3983 1294 4078 intelleiur
1316 3971 1324 4024 <
1409 3969 1418 4022 )

314 4105 343 4172 F,
355 4107 528 4174 intelilegetur
541 4128 563 4180 φ
587 4108 598 4178 Ι
621 4109 654 4160 22
667 4107 751 4160 cilicio
764 4108 817 4180 Ρφ,
831 4107 913 4160 efficio
926 4123 954 4160 v:
968 4109 1042 4176 sort.
1054 4108 1226 4174 persequendo
1239 4104 1322 4158 cilicio
1346 4103 1357 4173 Ι
1385 4105 1418 4155 23

314 4241 444 4304 recognito
456 4243 569 4294 Bosreba
591 4241 602 4311 Ι
624 4242 659 4294 24
671 4189 794 4318 aberrasse
807 4241 827 4294 1·
854 4239 859 4308 Ι
884 4239 984 4296 lecistis
995 4258 1016 4306 ς,
1028 4240 1122 4295 icoiros
1134 4239 1204 4310 nov
1219 4237 1238 4308 Ἰ

1600 938 1607 1005 Ι

1604 1040 1606 1081 l

1605 1100 1607 1159 Ι

1611 2294 1615 2324 l
