3226 5026
487 989 492 1004 “
593 1011 769 1106 remor
794 1011 1094 1109 orslvaoru

693 1182 988 1278 ananelum
1068 1180 1073 1189 “

372 1502 450 1574 Viro
478 1502 596 1574 illustri
622 1503 765 1600 losepho
793 1502 961 1597 Scaligero
989 1501 1048 1574 lul.
1075 1501 1225 1573 Caesaris
1252 1499 1311 1572 Fil.

694 1617 736 1690 ls.
764 1617 979 1690 (lasauhonus

789 1733 822 1806 S.
851 1733 889 1804 Ι).
1014 1731 1018 1739 “

375 1956 496 2047 Eritne,
520 1961 572 2028 vir
593 1961 800 2045 nobilissime,
824 1970 861 2028 ut
882 1970 917 2028 tu
940 1982 992 2026 me
1014 1970 1108 2049 putes
1132 1961 1196 2028 otio
1220 1984 1292 2029 mco
1314 1963 1392 2028 abu·
1472 1941 1478 1958 ’

287 2093 375 2152 sum,
407 2093 480 2135 cum
507 2069 597 2134 hisee
626 2067 738 2134 diebus
761 2068 977 2135 recensendae
1001 2068 1076 2134 huic
1100 2092 1197 2157 quam
1218 2068 1278 2136 tibi
1300 2067 1393 2133 mitto

287 2175 446 2260 Orationi,
469 2171 623 2262 temporis
649 2174 848 2262 aliquantum
871 2173 987 2264 posui?
1010 2173 1083 2242 Scis
1099 2176 1185 2242 enim
1200 2185 1292 2264 pater
1308 2175 1393 2240 illius

287 2306 384 2371 qnam
406 2281 490 2348 male
513 2279 598 2367 apud
621 2281 738 2346 multos
762 2281 886 2347 audiet:
915 2305 1012 2370 quam
1035 2305 1152 2370 graves
1175 2281 1215 2346 de
1238 2282 1307 2348 eius
1329 2280 1392 2347 La-

285 2388 411 2454 tinitate
441 2385 618 2452 sententiae
646 2388 745 2476 vulgo
774 2389 927 2455 ferantur.
977 2387 1072 2468 Quod
1102 2389 1129 2454 si
1152 2397 1187 2456 tu
1210 2388 1295 2455 idam
1319 2409 1392 2452 oen·

286 2517 347 2575 ses,
372 2492 450 2581 quid
473 2491 559 2558 aliud
583 2492 622 2560 de
640 2517 707 2578 me,
733 2503 765 2560 et
787 2516 826 2561 oa
849 2518 946 2582 quam
969 2494 1022 2560 hic
1046 2494 1190 2583 impendi
1205 2485 1305 2584 opera
1320 2516 1392 2582 pro-

286 2598 423 2683 nunties,
440 2597 618 2664 nisibenus
634 2600 729 2665 horas
745 2601 829 2666 male
845 2622 897 2664 me
913 2601 1113 2665 collocasse?
1134 2601 1208 2687 Ego
1224 2623 1301 2666 vero
1319 2622 1393 2665 cum

286 2706 327 2771 ab
357 2728 394 2770 eo
424 2705 521 2791 longe
550 2707 680 2788 absum,
709 2715 745 2772 ut
773 2706 818 2773 ita
848 2705 888 2770 de
916 2706 978 2770 hoc
1008 2705 1128 2792 scripto
1156 2703 1246 2792 (nam
1269 2704 1393 2791 reliqua

286 2808 429 2876 ciusdem
452 2809 532 2875 nihil
554 2809 677 2899 moror)
696 2811 954 2878 existimantibus
969 2811 1143 2877 assentiar:
1166 2819 1234 2876 tum
1251 2809 1394 2877 eiusdem

285 2925 318 2982 te
341 2914 419 2981 mihi
442 2915 553 2983 indicii
577 2940 657 3002 esse,
681 2918 786 2984 nullus
810 2918 931 2985 dubito.
970 2917 1043 2983 Nisi
1068 2916 1153 2982 enim
1176 2917 1305 2983 illorum
1327 2917 1393 3004 opi-

286 3023 375 3088 nioni
404 3022 604 3108 accedimus,
634 3025 689 3113 qui
717 3025 813 3090 totius
842 3023 1027 3090 Latinitatis
1054 3024 1135 3090 fines
1164 3047 1239 3107 sex,
1271 3033 1392 3112 septem

286 3138 454 3197 auctorum
483 3129 609 3218 scriptis
639 3131 796 3197 contineri
824 3139 953 3218 putant:
983 3129 1059 3217 quid
1086 3138 1135 3194 eat
1157 3153 1215 3195 cur
1237 3128 1290 3195 hie
1312 3129 1395 3195 liber

286 3237 425 3303 lectione
448 3260 486 3303 ac
503 3236 608 3303 studio
627 3246 737 3303 nostro
752 3236 905 3324 indignus
924 3259 994 3302 esse
1009 3235 1181 3303 videatur?
1203 3235 1290 3302 Nam
1306 3234 1392 3323 eqni-

286 3343 360 3410 dem
384 3343 430 3408 sic
455 3367 586 3409 censeo:
615 3353 689 3433 post
711 3353 857 3432 tempora
879 3342 1119 3410 Antoninorum
1141 3343 1197 3407 vix
1221 3342 1393 3428 quiequam

287 3448 373 3516 aliud
396 3457 506 3514 extare
528 3449 626 3516 horfia
654 3450 759 3538 magis
783 3449 967 3536 πεπινωμένον
975 3499 990 3538 ,ι
1012 3449 1116 3537 magis
1139 3456 1298 3530 comtum,
1327 3469 1393 3512 ma·

286 3553 337 3643 gis
368 3553 506 3641 denique
535 3555 697 3623 Latinum.
743 3555 811 3622 Aut
840 3556 924 3622 dicat
947 3555 1026 3620 mihi
1049 3552 1180 3640 aliquis,
1210 3551 1266 3618 ubi
1292 3551 1395 3617 maior

287 3684 384 3749 quam
407 3660 439 3726 in
463 3661 524 3728 hoo
547 3662 681 3746 tantulo,
710 3671 742 3727 et
765 3685 803 3727 eo
827 3662 957 3751 quidem
979 3660 1099 3728 forensi
1122 3658 1260 3746 scripto,
1289 3656 1393 3723 erudi—

286 3766 383 3833 tionis
412 3790 477 3833 non
504 3768 659 3856 protritae
690 3768 792 3856 copia.
845 3791 941 3857 quam
970 3767 1151 3855 eleganter,
1180 3788 1278 3854 quam
1300 3765 1394 3830 docte

286 3872 350 3938 loci
372 3873 425 3938 hic
449 3873 570 3961 aliquot
593 3896 611 3939 e
634 3873 841 3966 Philosophia
863 3873 1065 3940 tractantur?
1089 3881 1243 3961 quantum
1266 3871 1300 3936 in
1323 3893 1393 3935 sen-

287 3977 395 4044 tentiis
419 3979 579 4044 acumen?
601 3988 722 4067 quanta
744 3980 778 4047 in
802 3979 953 4063 dictione,
977 3989 1013 4046 ut
1031 3979 1071 4044 iis
1087 3979 1285 4067 temporibus
1301 3985 1333 4039 et
1348 3975 1392 4038 lo-

288 4085 345 4167 cis,
371 4084 524 4151 castitas?
547 4085 622 4152 Non
645 4087 699 4152 hic
721 4085 800 4152 mihi
824 4087 995 4176 quisquam
1011 4085 1152 4173 reperiat
1166 4085 1247 4151 ullos
1263 4079 1316 4146 τῶν
1333 4107 1393 4165 νοη-

288 4184 385 4275 μάτων
409 4173 506 4274 ὄγκους
529 4200 562 4258 et
584 4201 726 4258 tumores
748 4217 860 4276 vanos,
884 4202 940 4260 aut
961 4192 1137 4280 argutiolas
1160 4190 1301 4277 ineptas:
1330 4209 1395 4252 non
