3226 5026
300 479 348 523 xvi
522 445 526 452 “
755 457 949 512 palasano

301 611 434 700 dorpi,
463 610 687 696 Bosschae,
717 611 993 680 Hildebrandi
1021 614 1129 681 omnia
1159 613 1286 702 Apulei·
1309 635 1408 702 opera

300 719 549 808 complectentes
578 728 707 807 praesto
736 719 815 786 mihi
843 722 974 786 fueram
999 721 1136 788 Isaaci
1160 719 1407 804 Oasauboni,

299 824 501 914 Scipionis
519 822 717 910 Gentilie‚
740 826 905 894 Ioannis
922 825 1084 893 P'riceei
1107 827 1278 924 apologiae
1294 825 1408 893 editio·

242 935 248 946 '
299 955 367 1015 nes,
392 953 528 1020 quarum
551 931 636 997 tituli
658 932 692 997 hi
716 942 805 998 sunt:

391 1039 425 1127 1)
448 1042 487 1104 L.
507 1037 622 1133 Apule]
646 1041 865 1104 Madaurensis
888 1043 1058 1124 Philosophi
1080 1043 1230 1108 Platonici
1252 1043 1409 1124 Apolopia.

299 1148 460 1211 Isaacus
485 1149 730 1212 Cocceianus
751 1149 909 1226 recensuit,
936 1148 1058 1212 Graeca
1080 1150 1236 1231 suppleuit,
1259 1153 1290 1212 et
1311 1150 1407 1213 Casti-

296 1256 450 1336 pationum
474 1247 603 1316 libellum
627 1253 744 1316 adiecit.
788 1255 842 1316 Ad
860 1257 960 1318 airum
982 1257 1128 1320 illustrem
1150 1256 1308 1337 [namnum
1331 1256 1408 1319 Sea·
1531 1260 1533 1301 ³

300 1361 426 1442 liparam
447 1360 507 1423 Iul.
534 1359 619 1422 Gaea
641 1359 699 1424 Fit.
723 1359 908 1423 eruditarum
930 1367 1052 1424 nostrae
1075 1363 1182 1424 aetatis
1195 1363 1296 1444 focile
1317 1365 1408 1444 prin-

299 1467 404 1548 cipem.
455 1465 508 1528 Eu
535 1467 742 1547 typopraplmo
770 1465 949 1548 llruonpmi
974 1467 1127 1531 Comelini.
1173 1467 1405 1532 MDXOIIII.

389 1566 424 1657 2)
448 1569 647 1653 Scipionis
675 1573 845 1635 Gentilis
873 1572 1020 1638 Iuriscos.
1049 1575 1082 1637 in
1103 1575 1140 1638 L.
1164 1575 1273 1656 Apulei
1296 1575 1407 1639 Plsllos.

299 1682 329 1741 et
349 1678 500 1741 Aduocati
521 1675 607 1740 Rern.
632 1677 826 1760 Apolopiam,
856 1699 915 1761 qua
938 1699 970 1742 se
992 1681 1056 1761 ipm
1079 1681 1214 1763 dependit
1230 1682 1349 1761 publico
1371 1681 1408 1742 cle

300 1786 402 1866 mepta
425 1784 546 1864 iudicio,
570 1787 810 1848 cornmentarius.
852 1785 924 1848 &cm
947 1787 1047 1848 indice
1070 1787 1184 1867 duplici
1206 1790 1360 1848 acutorum
1379 1790 1409 1846 et

300 1909 403 1953 rerum
426 1891 603 1970 locupletior.
627 1890 794 1969 Hunccine,
818 1890 912 1972 Apud
935 1891 1093 1954 Claudiurn
1114 1891 1283 1970 Marcium,
1307 1894 1337 1953 et
1357 1892 1406 1954 te·

300 1996 387 2059 redes
414 1995 521 2058 Ioann.
541 1996 659 2060 Aubrii.
690 1997 860 2061 MDCVII.
891 1993 947 2082 (=
973 1997 1126 2079 Scipionis
1157 1997 1286 2058 Gentilia
1308 1997 1407 2060 Iuris-

300 2103 426 2165 consulti
458 2109 489 2165 et
513 2105 712 2166 antecessoris
738 2105 849 2166 Norici
876 2123 969 2185 opera
997 2105 1097 2167 arania
1125 2105 1158 2166 in
1181 2106 1288 2184 plures
1315 2109 1408 2166 tomos

300 2208 469 2272 distributa.
525 2209 634 2272 Tamus
661 2216 772 2274 sectus.
819 2211 947 2292 Neapoli
976 2209 1253 2274 MDCOLXVIII.
1298 2209 1407 2291 Sump-

300 2315 377 2378 telus
398 2315 525 2378 Ioannis
549 2317 691 2380 Grauier.
737 2316 924 2381 Auctoritate
943 2306 1088 2404 pialtico.)

389 2417 424 2506 3)
447 2422 486 2484 L.
505 2421 625 2504 ApuleI
643 2423 872 2505 metuarensis,
896 2425 1068 2508 Ptimsoplsi
1087 2424 1235 2488 Platonici
1249 2423 1408 2508 Apolopia,

300 2527 482 2610 Recopnitm
512 2533 541 2590 et
566 2529 718 2591 nonnullis
740 2529 837 2606 Notis,
862 2549 898 2592 nc
924 2531 1190 2593 Obseruationibus
1211 2532 1407 2594 illustratae

299 2634 441 2697 Ioanne
468 2634 629 2696 Pricaeo
662 2633 948 2713 Anplo-Britunno.
1002 2635 1204 2698 Accesserant
1236 2635 1407 2714 Antiquita-

300 2745 359 2801 tum
378 2738 558 2818 frapmentn
589 2739 734 2820 quaedam
763 2741 830 2801 aeri
857 2739 964 2802 incisa.
1012 2739 1160 2819 Parisiis,
1190 2737 1284 2818 Apud
1309 2738 1407 2801 Simo·

299 2863 366 2906 uem
392 2843 535 2921 Femur,
567 2844 610 2905 ud
631 2844 766 2924 prienam
796 2845 970 2907 Columnam
998 2845 1134 2928 Mapnae
1161 2843 1259 2905 Aulue
1288 2842 1406 2922 Palatij.

300 2948 570 3012 muamu-

387 3052 464 3120 Non
478 3051 513 3117 in
529 3051 635 3118 animo
652 3062 701 3119 est
715 3053 755 3118 de
772 3053 920 3120 omnibus
935 3054 1014 3121 viris
1030 3053 1144 3138 doctis,
1167 3054 1222 3142 qui
1238 3051 1406 3141 apologiae

300 3159 518 3226 emendandae
542 3159 646 3226 adhuc
671 3183 801 3249 operam
825 3159 992 3245 dederunt,
1016 3162 1079 3227 hoc
1101 3161 1174 3227 loco
1190 3161 1345 3226 iudicium
1360 3159 1406 3224 fa-

300 3287 388 3333 cere:
423 3265 551 3333 cuinam
579 3290 691 3334 eorum
719 3268 827 3355 palma
856 3267 1030 3334 deferenda
1059 3267 1115 3351 sit,
1151 3266 1307 3334 dubitatio
1337 3287 1407 3330 esse

299 3381 406 3460 potest
427 3374 524 3438 nulla.
571 3372 705 3438 debetur
727 3373 872 3440 Isaaco
898 3373 1147 3457 Caecubono,
1173 3373 1292 3461 quippe
1316 3372 1407 3438 cuius

300 3477 544 3564 castigationes,
574 3500 753 3562 <paucorum
782 3483 899 3546 dierum
930 3485 1029 3548 dicam
1056 3503 1096 3545 un
1117 3483 1263 3544 horarum
1278 3483 1406 3560 foetus»,

236 3634 238 3638 ,
300 3579 426 3648 diffusis
460 3583 697 3649 commentariis
727 3594 906 3652 ceterorum
934 3588 1033 3675 longe
1067 3593 1265 3674 praestanti
1282 3583 1406 3650 videbis

300 3687 416 3754 multas
446 3689 514 3756 eius
542 3689 781 3758 emendationes
803 3693 867 3758 iam
891 3693 1115 3780 comprobatae
1140 3690 1311 3758 collatione
1335 3712 1407 3755 mea

299 3793 447 3860 codicum
481 3795 754 3862 Florentinorum.
811 3797 892 3863 tenti
930 3799 992 3864 viri
1025 3797 1065 3863 de
1101 3796 1219 3885 Apulei
1257 3795 1407 3884 apologia

299 3900 454 3968 iudicium
482 3927 523 3968 ne
553 3902 715 3970 oblivione
743 3902 903 3988 interiret,
934 3906 1050 3970 iterum
1073 3902 1159 3990 typis
1183 3901 1406 3969 excudendam

299 4007 410 4072 curavi
432 4008 601 4096 epistulam
625 4009 693 4076 eius
715 4010 756 4078 ad
777 4009 953 4099 Iosephum
976 4008 1190 4097 Scaligerum,
1218 4031 1315 4096 quam
1339 4005 1406 4072 edi·-

299 4111 380 4177 tioni
402 4114 562 4200 praefixit.

389 4217 468 4283 Post
484 4217 712 4286 Casaubonum
736 4220 776 4285 de
792 4219 912 4306 Apulei
935 4221 1042 4286 verbis
1061 4216 1271 4284 emendandis
1285 4217 1406 4306 ¹optime
