3226 5026
299 477 317 518 x
759 455 949 510 PRAEFATIO

299 627 404 696 neque
428 609 573 674 codicem
596 608 849 676 Laurentianum
873 609 1022 676 LXVIII
1044 612 1065 674 2
1088 631 1194 696 neque
1216 610 1404 676 Laurentia·

299 736 376 780 num
399 713 570 781 XXVIIII
594 715 631 798 2,
661 716 718 782 sed
746 713 863 782 librum
893 713 1145 802 manuscriptum
1167 715 1217 780 his
1240 716 1405 783 codicibus

300 818 496 886 simillimum
515 820 717 908 eundemque
733 821 810 886 olim
826 819 1038 902 Marcianum,
1062 819 1158 886 hodie
1171 821 1280 886 autem
1295 821 1404 887 nescio

299 946 363 1012 quo
393 925 466 990 loco
495 927 659 992 latentem.
705 927 824 992 frustra
853 924 996 1013 speravi,
1030 925 1116 990 hunc
1139 917 1405 1014 investigaturum

297 1051 369 1096 esse
392 1029 564 1098 Henrici
587 1032 753 1098 Nisseni
776 1032 904 1099 Holsati
919 1030 1130 1120 diligentiam,
1155 1032 1219 1115 cui,
1243 1056 1317 1099 cum
1333 1056 1400 1121 pro-

298 1135 386 1200 ximo
425 1157 509 1202 anno
547 1136 732 1203 Florentiae
769 1125 980 1219 moraretur,¹
1004 1137 1157 1203 suadente
1194 1138 1404 1206 Theodoro

298 1240 538 1308 Mommscno
563 1243 761 1310 eruditorum
783 1243 929 1331 principe
952 1241 1118 1329 angustias
1134 1265 1223 1308 meos
1244 1266 1405 1311 commen-

297 1346 460 1414 daveram.
508 1349 677 1416 certiorem
707 1351 838 1437 quidem
865 1373 917 1416 me
939 1350 1018 1416 fecit
1040 1348 1198 1414 Nissenus
1220 1349 1260 1414 de
1283 1349 1406 1437 aliquot

298 1453 394 1536 locis,
426 1475 507 1542 ques
530 1453 723 1522 Muellerum
749 1479 864 1544 parum
886 1464 1036 1522 accurate
1060 1453 1243 1522 excussisse
1264 1454 1405 1542 suspica-

298 1561 371 1626 bar:
404 1570 636 1648 perscrutatusv
653 1571 702 1628 est
728 1562 815 1629 idem
843 1561 1055 1630 bibliothecas
1084 1569 1117 1625 et
1144 1559 1344 1626 Marcionem
1374 1570 1407 1626 et

297 1666 565 1748 Laurentianam,
595 1689 701 1755 neque
730 1677 839 1732 tamen
867 1667 958 1733 illum
986 1665 1128 1754 repperit
1154 1665 1272 1732 librum
1294 1689 1404 1733 manu-

238 1835 240 1839 .
299 1773 470 1860 scriptum,
500 1794 640 1859 quocum
663 1772 844 1839 Victorium
873 1771 952 1837 mihi
982 1771 1113 1858 quidem
1141 1793 1330 1857 persuasum
1356 1780 1405 1836 est

299 1877 465 1964 exemplar
488 1899 581 1943 suum
603 1879 842 1965 recognovisse.

388 1980 480 2061 Quae
512 2005 586 2048 oum
613 1983 659 2048 ita
681 1982 761 2066 sint,
791 1984 980 2048 alterutrum
1002 1987 1161 2046 statuatur
1183 2003 1317 2047 necesse
1340 1991 1405 2049 est:

297 2096 354 2154 aut
375 2087 529 2170 codicem,
555 2111 651 2176 quem
666 2089 890 2155 Victoriarum
910 2087 1019 2153 dicere
1039 2085 1128 2169 libet,
1152 2083 1194 2151 ex
1209 2086 1405 2153 bibliotheca

205 2231 207 2238 a
297 2192 465 2262 Marciana
486 2217 553 2260 non
575 2218 649 2261 eum
674 2189 789 2261 ceteris
812 2193 903 2260 libris
924 2190 1150 2278 manuscriptis
1174 2192 1208 2258 in
1234 2192 1401 2260 bibliotho-

298 2322 370 2366 cam
393 2299 644 2369 Laurentianam
668 2302 724 2390 (cf.
748 2297 1147 2386 Kett.mint.1p.182),
1172 2299 1230 2365 sed
1253 2299 1405 2365 aliorsum
1453 2397 1459 2402 Ι

297 2407 488 2472 translatum
523 2429 609 2490 esse,
645 2407 701 2474 ubi
730 2407 872 2474 tenebris
902 2407 1034 2473 obrutus
1064 2406 1209 2472 virorum
1237 2403 1405 2469 doctorum

298 2512 408 2578 ocules
431 2507 536 2577 adhuc
559 2512 757 2600 effugerim),
780 2522 838 2579 aut
858 2511 1039 2579 Victorium
1064 2509 1238 2577 contulisse
1261 2509 1405 2575 codicem

297 2616 552 2683 Laurentianum
567 2619 635 2683 sive
651 2618 802 2685 LXVIII
817 2619 838 2681 2
856 2617 924 2682 sive
939 2616 1115 2683 XXVIIII
1126 2617 1157 2699 2,
1174 2615 1220 2680 ita
1234 2624 1354 2696 tamen,
1370 2624 1406 2679 ut

205 2796 206 2800 ,
297 2732 429 2811 propter
440 2723 594 2810 plurimas
606 2723 780 2812 scripturas
793 2732 825 2788 et
837 2744 946 2788 erasas
958 2731 990 2788 et
1003 2730 1175 2804 correctas,
1189 2741 1273 2807 quae
1284 2730 1403 2785 utrum·

297 2833 360 2916 que
370 2825 579 2896 reddiderunt
590 2829 676 2895 lectu
688 2828 922 2912 difficillimum,
939 2827 973 2892 in
985 2826 1140 2894 auxilium
1152 2835 1285 2892 vocaret
1295 2823 1404 2891 nescio

297 2955 395 3022 quem
406 2933 523 3000 librum
539 2935 791 3023 manuscriptum
804 2933 1027 3000 Florentinum
1040 2932 1206 2999 deterioris
1218 2940 1322 2998 uotae.
1358 2941 1404 2997 at·

298 3063 362 3128 que
384 3040 470 3107 hanc
493 3040 695 3123 sententiam,
719 3062 816 3127 quam
832 3039 993 3106 Keilius
1007 3061 1066 3126 per
1080 3038 1190 3104 literas
1205 3037 1404 3124 gratissimas

219 3147 227 3163 “
299 3168 426 3212 mecum
449 3145 712 3230 communicavit,
743 3147 770 3211 si
793 3167 982 3232 sequamur,
1007 3145 1195 3211 nonhabet
1218 3165 1295 3209 sane
1318 3142 1405 3229 quod

298 3307 499 3316 1-0-›—-=-

370 3379 397 3446 1)
415 3379 543 3434 Fortasse
560 3378 629 3433 latet
645 3380 674 3434 iu
691 3379 857 3435 bibliotheca
868 3378 1008 3444 Vaticana,
1027 3379 1052 3434 si
1068 3379 1120 3434 hoc
1137 3375 1216 3433 modo
1232 3377 1405 3445 interpretari

297 3463 373 3528 licet,
397 3476 467 3530 quoe
484 3462 614 3517 Nicotaus
631 3463 760 3520 Helnsius
777 3463 813 3518 ad
831 3463 995 3520 caristium
1012 3463 1132 3532 reginam
1150 3477 1175 3516 a.
1194 3461 1265 3514 1662
1282 3460 1403 3529 scripsit:
1439 3518 1445 3530 ,

297 3547 437 3614 ‹Apssleins
459 3554 498 3599 cst
518 3547 694 3616 dipnissimas,
717 3565 791 3616 quaem
816 3551 1002 3616 occupatiorem
1015 3548 1118 3614 pollice
1136 3548 1261 3614 lepamus,
1285 3561 1342 3596 cum
1359 3545 1405 3596 cin

298 3632 408 3698 scriptos·
429 3631 498 3683 alias
514 3633 577 3698 plus
594 3633 688 3698 lapmis
706 3642 782 3700 atquc
799 3634 954 3686 urbanitatis
972 3649 1029 3684 cam
1047 3640 1121 3683 tanta
1137 3631 1282 3682 eruditione
1299 3630 1404 3682 conian-

296 3724 349 3784 ραι.
386 3715 450 3768 daos
474 3717 530 3770 eins
554 3717 650 3769 cadmea
672 3718 701 3769 in
719 3717 837 3768 Mediana
863 3717 1010 3768 bibliotheca
1034 3725 1136 3768 enotare
1155 3716 1272 3780 memini,
1296 3732 1406 3782 quornm

298 3816 345 3866 ape
363 3799 500 3852 editionem
517 3817 591 3852 snam
604 3801 765 3867 potissimam
784 3802 948 3852 concinnavit
965 3800 1180 3865 Elmcnlscrstias,
1203 3801 1310 3851 caeteris
1327 3800 1405 3851 omni-

298 3884 345 3936 bus
362 3883 498 3948 matteum,
515 3901 561 3936 nec
580 3893 664 3936 tamen
682 3887 816 3951 optimam,
840 3901 897 3936 cam
914 3901 1009 3950 panon
1030 3885 1166 3952 ddiqemcr
1183 3884 1337 3936 mendi-anis
1354 3883 1406 3934 illis

298 3968 418 4026 masas.
451 3969 661 4020 veterrimam
680 3969 846 4036 enemplcr
862 3969 895 4020 in
920 3968 1081 4020 Vaticana
1099 3969 1228 4020 seruari
1246 3965 1405 4020 IacobiSir-

297 4049 386 4102 nunti
398 4051 451 4102 uiri
462 4050 600 4104 doctissimi
611 4053 648 4104 ad
658 4052 796 4106 Sidonium
805 4054 983 4118 Apollinarem
992 4052 1078 4121 (ΙΙΙΙ
1084 4053 1111 4116 8)
1120 4060 1196 4103 notae
1207 4066 1246 4101 nse
1255 4050 1405 4114 dantemtnt,

299 4148 332 4186 sn
344 4149 394 4199 qno
402 4135 525 4199 pistrinis
536 4136 597 4188 locis
608 4136 650 4188 tic
662 4137 717 4202 ipsc
728 4136 855 4204 Apideias
867 4138 1050 4204 corripiatque
1062 4135 1221 4189 emendatior
1227 4133 1338 4200 produc
1345 4151 1405 4200 pos-

299 4217 353 4271 sitv.
390 4217 423 4284 qs.
443 4219 593 4270 Bnnnaani
610 4221 695 4287 syliay.
715 4222 787 4285 epist.
812 4221 837 4270 V
846 4239 877 4286 p.
897 4223 957 4274 783.
