3232 5028
645 464 647 468 ’
683 465 853 528 sroaocm'
902 477 905 482 ·
1037 478 1069 483 ··
1114 540 1116 544 ,
1247 479 1307 544 Ῑοί

131 563 175 605 nd.
191 562 293 605 Oudend.
323 565 331 574 ‘
366 597 368 600 .
1292 565 1375 607 trita.
1391 567 1462 609 tata.
1525 601 1531 622 Ι

131 648 190 702 (ιιι)
206 631 299 694 danus
320 632 369 694 uel
388 630 566 712 quicumque
584 628 658 691 alius
677 635 747 710 post
764 629 941 695 Zoroastren
959 639 989 697 et
1003 633 1134 696 Ostanen
1153 633 1230 697 inter
1247 651 1313 696 ma-

201 753 255 814 gos
270 733 433 796 celebratus
448 740 502 796 est.

287 837 358 898 Vide
378 855 498 917 quaeso,
511 835 656 910 hamme,
684 851 772 914 quem
792 836 954 898 tumrdtnm
973 837 1150 914 suscitarint,
1171 837 1311 920 quoniam
1323 850 1463 906 Lxxxru

203 957 257 1020 ego
273 957 384 1021 paucos
399 945 555 1019 magorum
570 935 746 999 nominatim
765 939 929 1017 percensui.
965 940 1036 1020 quid
1053 941 1159 1004 faciam
1177 948 1239 1003 tam
1258 959 1311 1004 ru·

169 1053 184 1103 5
204 1041 300 1116 dibus,
315 1047 377 1102 tam
391 1039 545 1104 barbaris?
575 1042 697 1103 doceam
711 1058 833 1102 rursum
847 1040 920 1104 haec
934 1048 963 1103 et
977 1043 1071 1105 multo
1087 1045 1172 1126 plura
1187 1044 1240 1106 alia
1254 1061 1311 1107 no·

204 1144 284 1206 mina
298 1143 329 1206 in
342 1144 535 1226 bybliothecis
550 1140 562 1228 ΙΙ
577 1142 702 1225 publicis
723 1143 801 1226 apud
821 1143 1000 1207 clarissimos
1022 1145 1180 1228 scriptores
1199 1165 1249 1208 me
1267 1147 1311 1210 le-

201 1247 288 1329 gisse,
304 1265 341 1308 an
357 1247 504 1328 disputem
519 1247 605 1331 longe
620 1245 698 1308 aliud
713 1263 778 1307 esse
798 1245 933 1308 notitiam
952 1248 1119 1323 nominum,
1140 1249 1218 1313 aliud
1240 1249 1311 1312 artis

202 1350 334 1412 eiusdem
354 1349 598 1412 communionem
616 1349 734 1424 habere,
760 1367 814 1410 nec
834 1348 940 1411 debere
959 1350 1108 1414 doctrinae
1127 1352 1310 1415 instrumen-

131 1479 188 1533 (ιιι)
203 1459 267 1515 tum
283 1459 312 1514 et
326 1452 500 1515 eruditionis
515 1451 690 1514 memoriam
705 1469 760 1531 pro
781 1452 967 1514 confessione
983 1453 1113 1516 oriminis
1129 1455 1240 1530 haberi,
1261 1471 1309 1530 an,

149 1569 181 1622 ιο
202 1555 282 1636 quod
295 1556 389 1618 multo
405 1553 609 1636 praestabilius
625 1560 679 1629 est,
699 1558 751 1615 tua
765 1554 908 1630 doctrina,
928 1553 1029 1619 Claudi
1047 1557 1180 1634 Maxime,
1200 1564 1310 1638 tuaque

200 1658 329 1740 perlecta
353 1657 518 1720 eruditione
542 1657 636 1720 fretus
662 1662 850 1722 contemnam
871 1658 969 1720 stultis
989 1665 1018 1720 et
1031 1659 1172 1740 impolitis
1187 1661 1223 1722 ad
1238 1661 1310 1722 haec

199 1759 401 1844 respondere?
431 1761 470 1824 ita
489 1761 588 1841 potius
603 1760 721 1822 faciam:
745 1758 815 1840 quid
829 1758 870 1821 illi
884 1760 1060 1839 existiment,
1075 1763 1160 1826 nauci
1174 1781 1237 1826 non
1251 1781 1309 1844 pu-

199 1863 279 1926 tabo.
313 1863 392 1944 quod
411 1863 524 1930 institui
544 1882 665 1946 pergam
686 1863 850 1944 disputare:
872 1864 983 1926 nubam
997 1865 1070 1927 mihi
1084 1873 1204 1929 oausam
1216 1865 1310 1930 fuisse
1345 1921 1353 1926 .

200 1967 394 2030 Pudentillam
408 1965 557 2030 ueneficiis
572 1967 609 2029 ad
623 1965 740 2047 nuptias
755 1965 945 2048 prolectandi.

149 2081 179 2132 15
284 2069 424 2136 Formam
439 2069 572 2132 mulieris
592 2076 622 2132 et
640 2074 766 2130 aetatem
783 2069 840 2152 ipsi
859 2070 938 2131 rdtro
958 2069 1202 2151 improbauerunt
1220 2071 1309 2153 idque

201 2174 274 2236 mibi
288 2173 361 2236 uitio
377 2173 531 2248 dederunt,
551 2173 641 2236 talem
650 2189 779 2235 uxorem
794 2188 882 2234 causa
901 2170 1039 2234 auaritiae
1058 2173 1242 2254 concupisse,
1262 2181 1307 2236 ιιι·

254 2361 343 2411 magus
360 2346 477 2396 interiore
495 2346 528 2394 ab
540 2346 599 2398 orbe
611 2346 763 2409 Zoroastres,
781 2343 918 2410 Hermippo
930 2345 1134 2402 atassentiamar
1151 2347 1255 2409 auctori,

253 2431 401 2482 Bactrianus
426 2436 451 2482 et
473 2431 513 2480 ille
537 2431 682 2494 conueniat,
706 2431 775 2479 cuius
801 2427 896 2478 Ctesias
921 2443 960 2478 res
984 2435 1067 2493 gestas
1092 2429 1252 2490 historiarum

254 2516 356 2580 exponit
372 2516 398 2564 in
416 2516 511 2582 primo,
535 2515 681 2576 Armenius,
705 2513 805 2563 Ostanis
824 2527 916 2578 nepos,
940 2513 1109 2563 etfamiliaris
1128 2515 1253 2582 Pamphy·
1305 2501 1307 2508 ¹

252 2601 290 2650 lus
314 2597 384 2664 Cyri,
413 2599 571 2666 Apollonius,
600 2597 738 2664 Damigero
762 2603 786 2648 ct
808 2599 958 2662 Dardanus,
980 2599 1065 2663 Veios,
1091 2597 1201 2648 lolianus
1228 2608 1253 2650 et

209 2691 211 2696 “
252 2683 385 2747 Baebrtlas,
409 2689 441 2734 at'
457 2684 478 2733 si
500 2685 554 2747 quis
577 2683 702 2747 astallus,
725 2683 767 2746 qui
791 2684 958 2748 principatum
976 2689 1002 2734 st
1020 2697 1112 2734 nemen
1132 2683 1210 2734 fertur
1227 2684 1253 2734 in

251 2771 343 2822 talibas·
359 2768 472 2820 hsbuisae
490 2769 636 2834 praestigiis.
656 2793 691 2806 -
709 2769 773 2822 Plio.
791 2769 808 2821 l.
826 2769 850 2823 d
870 2771 895 2832 2,
916 2770 961 2820 lla
980 2775 1018 2820 est
1036 2775 1062 2820 et
1078 2769 1127 2820 elia
1144 2771 1254 2834 magices

251 2855 327 2906 factio
349 2869 366 2902 a
382 2853 455 2904 Mose
478 2859 502 2904 et
519 2855 597 2906 Ianne
621 2860 647 2904 et
663 2852 762 2920 Lotape
787 2867 817 2902 ac
841 2853 940 2904 Iudaeis
962 2855 1082 2920 pendens,
1104 2855 1147 2904 sed
1170 2855 1253 2904 moitis

251 2939 349 2990 milibus
368 2951 490 2988 annorum
508 2943 566 3002 post
583 2939 742 2990 Zoroastren.
760 2963 794 2974 -
813 2937 872 2988 ibid.
892 2939 916 2999 2,
930 2939 958 2988 9:
977 2938 1135 2988 Democritus
1154 2939 1253 3002 Apol-

250 3023 408 3074 lobechen
433 3007 551 3090 coptiten
574 3028 599 3071 et
620 3021 767 3070 Dardanum
786 3035 800 3070 e
818 3019 945 3070 Phoenica
962 3021 1101 3084 illustrauit,
1123 3021 1252 3070 uolumini·

252 3110 298 3158 bus
315 3107 427 3156 Dardani
445 3107 470 3156 in
489 3107 629 3170 sepulcrum
648 3105 699 3154 eius
717 3104 807 3168 petitis,
824 3103 875 3153 suis
891 3117 951 3153 uero
970 3118 1003 3153 ex
1021 3103 1149 3166 disciplina
1167 3119 1252 3154 eorum

252 3193 331 3252 editis,
356 3203 420 3255 quas
443 3193 545 3252 recepta
567 3189 599 3238 ab
622 3185 677 3236 nilis
698 3186 831 3237 hominum
853 3191 928 3250 atque
951 3187 1076 3238 transiisse
1098 3201 1143 3252 per
1160 3201 1252 3240 memo·

251 3277 314 3327 riam
327 3263 412 3339 'sequa
424 3287 455 3323 ac
472 3271 534 3324 nihil
551 3272 578 3322 ia
596 3272 648 3322 uita
665 3272 807 3322 meandum
824 3277 869 3326 eat.

218 3363 230 3410 i
251 3362 310 3412 ibid.
328 3363 354 3424 2,
375 3361 402 3408 8:
421 3359 474 3408 sinc
492 3356 566 3407 dubio
582 3354 690 3422 (magia)
709 3361 764 3406 orta
780 3357 806 3406 in
825 3355 928 3410 Persida
945 3371 961 3406 a
979 3349 1120 3420 Zoroastre,
1143 3364 1171 3407 at
1188 3358 1252 3412 inter

251 3452 366 3497 auctores
385 3443 514 3494 conuenit:
534 3442 577 3492 sad
596 3456 660 3491 anas
678 3442 721 3492 hic
739 3443 814 3492 luerit
832 3456 864 3492 sn
882 3447 970 3506 postea
988 3442 1100 3505 aralius,
1124 3459 1174 3494 non
1192 3445 1252 3494 satis

251 3537 356 3583 constat.
382 3559 414 3568 -
442 3528 501 3578 ibid.
526 3529 551 3589 2,
576 3527 604 3575 8:
631 3526 734 3592 primns,
762 3527 829 3590 qaod
852 3532 927 3589 extet,
955 3532 983 3575 ut
1005 3527 1120 3590 equidem
1141 3529 1251 3594 inuenio,

250 3620 431 3668 commentatas
455 3620 493 3663 est
515 3611 546 3662 de
571 3625 601 3661 ea
613 3610 721 3660 Ostanes
737 3607 839 3662 Xerxen
857 3625 943 3676 regem
960 3612 1092 3662 Persarum
1109 3611 1173 3664 bello
1186 3614 1252 3676 qood

251 3701 272 3748 is
299 3698 418 3750 Graeciae
446 3697 528 3750 intulit
557 3696 699 3758 comitatus,
732 3711 763 3746 ac
789 3696 980 3748 uelucvsemina
1007 3696 1066 3746 artis
1092 3703 1251 3762 portentosae

251 3783 341 3848 sparsit
358 3783 437 3834 obiter
455 3781 549 3834 infecte
566 3793 723 3846 quacumque
742 3785 944 3832 commeauerant
961 3780 1066 3830 mando·
1138 3773 1140 3780 ⁴

820 3933 870 3974 rdl
891 3945 948 3975 ιιιαιι.
963 3945 1004 3974 sec.
1155 3939 1158 3944 '

267 3987 471 4056 lqaicunquev
496 3986 502 4055 l
528 3985 656 4058 Hostanen
669 3987 732 4058 uqv
755 3985 766 4058 ΙΙ
790 3931 923 4040 sranius
1005 3933 1044 4058 >qi
1067 3985 1079 4057 Ι
1101 3989 1238 4056 brumum]
1252 3989 1304 4043 lla-

195 4069 271 4122 llnum
284 4087 298 4128 ς
320 4067 331 4138 ΙΙ
355 4069 552 4139 bbybliotbecis
564 4070 594 4135 F,
607 4069 768 4122 bibliothecis
780 4085 822 4140 φιι
842 4069 852 4139 ll
877 4071 892 4121 t
905 4068 1051 4122 noticiamv
1066 4069 1083 4139 ‘q
1106 4069 1226 4122 Sbabora
1235 4079 1304 4122 com-

194 4151 335 4202 munionem
347 4167 365 4204 r
387 4149 398 4220 fl
423 4152 452 4204 11
468 4159 676 4222 contempnamq)
700 4151 711 4222 ΙΙ
743 4153 775 4204 12
787 4151 861 4202 nauci
873 4151 986 4204 Calvina:
1004 4153 1074 4203 nacci
1087 4152 1162 4222 thv:
1182 4139 1241 4220 qnid
1261 4153 1305 4204 isti

194 4232 340 4285 existiment
352 4247 454 4298 naccae,
471 4249 520 4285 non
532 4233 626 4301 potabo
640 4233 749 4299 Cebrus,
768 4233 951 4300 quid-nauso,
964 4234 1022 4285 naui
1034 4253 1057 4287 n.
1071 4251 1095 4302 p.
1118 4233 1210 4288 Thood.
1230 4233 1304 4286 llar-

193 4312 276 4378 ctiias,
294 4313 352 4380 quid
361 4321 486 4382 -nactaa,
498 4329 547 4366 non
560 4317 654 4368 carabo
665 4314 790 4368 csl'naaci
800 4315 893 4383 putabo
908 4311 1003 4370 Politen
1026 4316 1037 4386 ll
1098 4345 1101 4352 =

1603 272 1608 360 l:

1604 424 1608 535 ,ᾖ
