3226 5026
666 464 856 523 PRAEFATIO
1289 491 1318 533 ῃ

212 623 356 691 offendat
378 620 504 688 Victori
534 622 693 689 silentium
723 621 764 688 de
793 622 926 706 lacuna,
957 644 1054 709 quam
1083 622 1118 688 in
1147 630 1317 688 metamor-

212 730 358 818 phoseon
379 727 462 794 libro
486 733 602 793 octavo
625 727 758 794 exhibet
780 725 883 794 codex
907 726 1144 794 Laurentianus
1168 725 1318 793 LXVIII

213 837 248 900 2:
270 842 390 914 tamen,
413 833 585 920 quominus
600 832 787 921 adstipuler,
805 833 935 900 ¹Victori
949 833 1030 924 fides
1044 833 1142 901 etiam
1158 833 1319 921 subscrip-

213 939 300 1005 tione
323 938 379 1004 illa
402 939 611 1024 comprobata
634 960 686 1004 me
711 937 870 1025 prohibet.

300 1042 395 1108 Haeo
422 1051 532 1109 cutem
552 1050 631 1107 'utut
659 1051 750 1122 sunt,
782 1041 823 1107 ad
850 1041 971 1131 Apulei
996 1043 1097 1108 verba
1119 1041 1320 1109 emendanda

214 1148 298 1214 haud
321 1147 402 1213 levis
429 1145 584 1213 momenti
612 1150 662 1212 est
691 1147 818 1213 collatio
846 1147 902 1213 illa
924 1147 1140 1214 Monacensis.
1180 1167 1319 1236 nemque

215 1275 312 1341 quam
346 1262 416 1320 arto
444 1250 609 1318 affinitatis
637 1249 766 1318 vinculo
797 1249 901 1318 codex
928 1252 1136 1320 Victorianus
1166 1275 1239 1319 cum
1266 1274 1319 1319 oe-

215 1358 291 1424 teris
313 1356 434 1446 Apulei
462 1357 552 1424 libris
580 1355 807 1445 manuscriptis
829 1357 1025 1423 Florentinis
1051 1359 1238 1443 cohaereat,
1265 1357 1319 1425 de·

215 1473 393 1530 monstrare
421 1463 501 1530 libet
530 1462 622 1529 brevi
645 1462 760 1529 horum
781 1463 1013 1551 descriptione,
1044 1486 1142 1551 quam
1165 1465 1319 1531 subnecto

215 1568 434 1652 Bondinio,
456 1567 612 1651 Keilio,
636 1565 854 1653 Muellaro,
878 1567 1053 1635 Niseeuo
1077 1569 1278 1636 auctoribus:

303 1890 331 1956 I.
354 1889 460 1954 codex
474 1885 711 1955 Laurentianus
726 1883 877 1958 LXVIII
894 1891 915 1955 2
938 1891 1202 1957 membranaceus
1216 1890 1321 1956 forma

216 1996 358 2062 maxima
385 1995 514 2083 paginis
541 1994 689 2061 bifariam
719 1993 831 2060 divisis
861 2017 881 2061 a
908 1996 1075 2062 monachis
1105 1995 1320 2078 Casinatibus,

216 2111 252 2167 ut
280 2102 407 2168 videtin
437 2099 491 2188 (cf.
513 2102 593 2166 Keil.
621 2121 696 2165 mue.
718 2101 814 2166 aare
841 2120 869 2167 u.
892 2105 984 2168 1848.
1012 2103 1058 2168 VI
1073 2125 1105 2186 p.
1128 2099 1239 2188 145),
1253 2123 1345 2184 sae-¹

217 2209 289 2274 culo
311 2208 481 2274 undecimo
504 2206 605 2272 literis
626 2205 882 2293 langobardicis
906 2208 1053 2295 scriptus,
1079 2207 1169 2272 ouius
1185 2207 1219 2271 in
1234 2206 1320 2293 prin-

217 2315 300 2403 cipio
329 2315 412 2378 haee
441 2312 560 2400 legitur
582 2313 717 2402 notulas
736 2317 802 2377 ‹De
824 2315 931 2378 XXII.
956 2316 1049 2379 banco
1071 2333 1111 2378 ac
1130 2320 1219 2397 parte
1241 2317 1321 2378 occi-

217 2424 330 2505 dentia,
361 2422 519 2486 Cornelia
543 2421 667 2484 Tacitus
693 2427 723 2484 et
745 2421 848 2502 Opera
870 2421 993 2504 Apolett
1021 2426 1073 2485 cet.
1100 2419 1263 2484 Conventus
1285 2419 1319 2483 S.

218 2529 325 2592 Murci
352 2527 388 2591 de
409 2524 564 2592 Herculio
588 2527 717 2590 Ordinis
738 2528 988 2591 Praedionionou
1014 2528 1051 2590 de
1077 2527 1240 2591 hereditate
1262 2527 1321 2590 Ni-
1448 2513 1458 2522 ’

217 2635 296 2698 colei
317 2635 419 2698 Nscoli
441 2633 609 2698 Florentiui
635 2633 699 2696 oiri
728 2631 919 2696 molummis
966 2638 1092 2696 constat
1106 2629 1198 2696 'foliis
1221 2629 1320 2718 scrip-

216 2738 257 2804 tis
282 2739 356 2804 191.
378 2737 504 2804 ineunti
1418 2781 1423 2789 ·

329 2842 362 2930 1)
386 2844 409 2908 f.
425 2843 611 2909 1-103b:
630 2838 772 2908 Cornelii
784 2841 890 2908 Taciti
902 2843 944 2909 ab
955 2860 1091 2908 excessu
1102 2841 1170 2908 divi
1179 2841 1322 2931 Augusti

216 2949 290 3016 libri
312 2949 365 3016 XI
388 2948 509 3036 (annal.
533 2949 554 3013 l.
577 2943 772 3013 XI-XVI
793 2955 826 3012 et
848 2947 958 3014 histor.
979 2948 1001 3012 l.
1023 2947 1155 3034 I-V).
1270 2957 1272 2962 '

327 3054 363 3143 2)
385 3056 409 3121 f.
436 3053 692 3121 104b—1nob:
715 3050 835 3138 Apulei
857 3051 897 3117 de
920 3051 1029 3139 magia
1051 3051 1143 3119 liber.

328 3160 365 3248 3)
387 3160 408 3226 f.
434 3159 636 3225 lna-183:
659 3157 779 3245 Apulei
801 3157 1102 3244 metamorphoseon
1124 3155 1198 3225 libri
1221 3157 1284 3225 XI.

327 3263 364 3353 4)
388 3265 411 3329 f.
436 3262 637 3331 184-1912
661 3261 780 3351 Apulei
802 3261 989 3328 floridorum
1015 3262 1090 3329 libri
1111 3263 1192 3330 IIII.

304 3371 452 3459 Experta
475 3378 524 3436 est
538 3368 659 3458 Apulei
681 3367 831 3456 apologia
854 3365 889 3434 in
910 3369 972 3433 hoc
991 3365 1102 3435 codiee
1119 3367 1228 3436 multis
1242 3369 1322 3436 locis

216 3477 354 3544 evanido
383 3485 449 3542 tres
476 3497 591 3542 manus
620 3472 870 3558 emendatrices,
902 3495 985 3561 quae
1014 3474 1075 3541 etsi
1103 3494 1169 3543 non
1198 3487 1325 3565 sem'per

218 3581 357 3650 discerni
379 3589 523 3670 possunt,
547 3581 593 3648 ita
615 3589 731 3647 tamen·
746 3579 831 3646 inter
850 3597 888 3646 se
910 3579 1039 3648 differre
1062 3581 1177 3663 solent,
1200 3589 1237 3647 ut
1257 3604 1323 3647 ma-

216 3711 277 3754 nus
306 3687 410 3774 prima
438 3696 471 3752 et
500 3685 642 3754 secunde
670 3685 814 3773 singulas
842 3707 941 3752 voces
961 3685 1113 3753 literasve
1135 3687 1253 3754 notulis
1276 3687 1323 3753 in·

216 3802 267 3858 ter
289 3792 390 3858 lineas
411 3794 464 3859 vel
484 3793 518 3859 in
538 3791 685 3880 margine
701 3791 873 3880 adscriptis
889 3792 1063 3880 corrigant,
1086 3815 1200 3859 manus
1217 3801 1324 3859 eutem

216 3897 313 3964 tertia
340 3897 409 3964 sive
437 3898 659 3964 recentissima
688 3898 823 3981 saeculi,
852 3907 889 3964 ut
907 3896 1053 3981 videtur,
1080 3895 1185 3984 quinti
1208 3896 1324 3964 decimi

216 4003 318 4070 verba
344 4004 431 4070 lectu
462 4003 652 4070 difficillima
681 4022 779 4089 supra
807 4001 976 4070 scribendo
999 4001 1208 4089 redintegret
1255 4026 1324 4071 cor-

216 4109 401 4197 ruptissima
427 4119 505 4176 aunt
530 4113 632 4176 rerba
659 4106 805 4188 Graeca,
840 4129 923 4194 quae
956 4129 998 4173 ne
1027 4105 1165 4174 Graecis
1193 4107 1324 4196 quidem

217 4213 455 4284 characteribus
488 4215 609 4304 ubique
643 4235 797 4302 expressa
832 4211 998 4279 librarium
1026 4212 1166 4300 produnt
1193 4213 1324 4301 linguae
