3226 5026
511 572 514 577 Ι
659 490 828 544 ironeam
927 521 929 528 ,
1261 490 1308 562 '43

119 587 161 627 nd.
177 584 279 628 oudend.
1287 584 1374 625 turb.
1389 585 1448 628 Ma.

186 669 244 730 nec
258 650 458 713 necessarium
472 649 567 710 habeo
582 639 751 722 libidinem,
767 645 819 709 sed
830 656 932 728 perte,
944 649 969 710 si
980 655 1074 730 potes,
1090 649 1126 711 ad
1141 639 1299 734 hecquae-

190 755 263 817 sisse
279 773 327 816 me
342 771 442 833 argue,
457 758 491 813 ut
507 777 563 812 es.
591 751 616 811 si
630 749 814 812 helleborum
828 752 877 812 uel
891 751 1016 812 cicutam
1036 751 1084 813 uel
1104 769 1225 836 succum
1244 772 1298 836 pa-

190 857 306 937 paueris
321 857 470 928 emissem,
485 854 557 914 item
572 852 627 914 alia
642 852 774 913 eiusdem
788 853 879 926 modi,
895 869 1023 933 quorum
1039 853 1209 916 moderatus
1223 875 1297 919 usus

118 982 176 1034 <uu
191 959 336 1034 salutaris,
358 958 410 1020 sed
425 956 594 1018 commixtio
617 955 665 1017 uel
680 953 826 1034 quantitas
840 955 926 1016 noxia
940 962 995 1028 est,
1011 955 1076 1035 quis
1090 941 1184 1035 aequo
1199 959 1297 1021 animo

154 1079 169 1128 5
190 1069 349 1145 pateretur,
373 1061 398 1122 si
416 1077 464 1120 me
484 1077 538 1141 per
558 1059 616 1120 hoe
633 1056 767 1119 ueneficii
788 1073 961 1131 arcessens,
983 1057 1062 1137 quod
1081 1076 1117 1120 ex
1130 1059 1187 1121 illis
1201 1067 1299 1142 potest

195 1165 286 1228 homo
303 1159 417 1225 occidi?
444 1195 447 1201 ·
1144 1155 1145 1158 '
1200 1233 1203 1238 ¹

256 1251 259 1254 ¹
275 1267 432 1328 Videamus
447 1272 556 1339 tamen,
577 1281 651 1343 quae
665 1261 776 1323 luerint
790 1261 914 1341 piscium
929 1255 1035 1342 genera
1054 1268 1116 1324 tam
1136 1267 1299 1329 necessaria
1314 1275 1427 1330 xxxlll

190 1371 225 1432 ad
240 1369 408 1432 habendum
422 1374 542 1447 tamque
557 1384 623 1429 rara
638 1365 674 1426 ad
687 1364 904 1444 reperiendum,
919 1373 953 1428 ut
967 1367 1071 1430 merito
1087 1372 1196 1428 statuto
1211 1387 1298 1449 prae·

190 1471 251 1534 mio
271 1477 491 1552 quaererentur.
532 1469 588 1532 tria
608 1468 730 1528 omnino
752 1467 994 1543 damnauerunt,
1018 1487 1112 1532 unum
1131 1471 1210 1544 falsi,
1238 1472 1297 1537 duo

139 1593 170 1645 10
191 1573 314 1636 mentiti.
348 1573 428 1647 falsi,
450 1572 530 1652 quod
549 1572 682 1651 leporem
701 1569 849 1632 marinum
873 1570 965 1632 fuisse
986 1572 1131 1647 dixerunt,
1150 1574 1201 1652 qui
1224 1555 1303 1636 alius¹

192 1675 313 1737 omnino
328 1675 417 1758 piscis
431 1675 496 1750 fuit,
514 1693 602 1754 quem
617 1673 690 1735 mihi
704 1672 867 1735 Themison
882 1691 987 1735 seruus
1006 1681 1117 1750 noster,
1138 1675 1298 1738 medicinae

191 1793 253 1838 non
267 1777 395 1856 ignarus,
410 1784 444 1838 ut
458 1796 493 1839 ex
507 1778 572 1858 ipso
589 1775 705 1849 audisti,
721 1775 799 1839 ultro
815 1777 911 1840 attulit
923 1775 962 1838 ad
976 1777 1207 1858 inspiciundum:
1228 1795 1298 1840 nam

190 1879 309 1961 quidem
323 1882 455 1960 leporem
469 1880 604 1942 nondum
619 1879 706 1940 etiam
721 1879 831 1939 inueni.
868 1880 920 1941 sed
939 1880 1081 1958 profiteor
1095 1899 1143 1942 me
1159 1898 1298 1960 quaerere

189 1989 219 2045 et
233 1989 337 2059 cetera,
353 1983 624 2064 nonpiscatoribus
639 1983 739 2068 modo,
755 2000 860 2043 uerum
874 1980 962 2042 etiam
976 1983 1077 2044 amicis
1092 1984 1165 2045 meis
1179 1985 1298 2064 negotio

138 2105 169 2157 15
190 2086 275 2160 dato,
302 2087 469 2166 quicunque
488 2085 588 2146 miuus
607 2085 716 2165 cogniti
741 2080 745 2168 Ι
769 2084 883 2164 generis
904 2083 992 2164 piscis
1011 2084 1159 2160 inciderit,
1182 2093 1217 2149 ut
1233 2087 1297 2149 cius
1310 2109 1374 2149 soa.

189 2187 263 2250 milri
278 2196 329 2251 aut
342 2191 472 2251 formam
486 2194 723 2254 commemorent
736 2195 787 2248 aut
796 2187 895 2267 ipsum
910 2187 1023 2262 uiuum
1039 2187 1065 2248 si
1078 2188 1108 2249 id
1123 2188 1296 2268 nequierint,
1362 2231 1368 2248 ,

189 2291 238 2352 uel
256 2298 411 2354 mortuum
431 2291 597 2354 ostendant.
634 2307 723 2370 quam
748 2289 787 2351 ob
806 2307 870 2350 rem
889 2289 918 2350 id
937 2289 1056 2363 fedam,
1082 2308 1153 2352 mox
1175 2290 1296 2353 docebo.

190 2394 305 2457 mentiti
325 2401 424 2456 autem
444 2401 514 2455 sunt
533 2393 711 2455 callidissimi
729 2389 915 2454 accusatores
936 2392 1004 2466 mei,
1024 2399 1058 2453 ut
1080 2392 1135 2453 sibi
1148 2394 1296 2468 uidentur,

191 2513 259 2558 cum
275 2515 322 2558 me
338 2497 374 2557 ad
389 2495 478 2558 linem
492 2496 654 2561 calumniae
669 2496 873 2557 continuerunt
885 2496 957 2557 duas
968 2513 1016 2556 res
1027 2495 1156 2557 marinas
1167 2496 1297 2576 impudi-

136 2621 169 2672 20
190 2599 232 2660 eis
252 2599 402 2662 uocabulis
421 2600 578 2680 quaesisse,
598 2617 670 2678 quas
691 2599 862 2660 Tannonius
881 2599 928 2659 ille
950 2617 1018 2659 cum
1037 2598 1192 2678 utriusque
1210 2617 1297 2660 sexus

190 2701 324 2781 genitalia
348 2702 475 2782 intellegi
492 2703 595 2776 uellet,
621 2703 673 2763 sed
692 2702 790 2782 eloqui
815 2708 937 2783 propter
954 2701 1107 2764 infantiam
1134 2701 1296 2763 causidicus

117 2838 176 2890 (ere)
192 2821 327 2870 summus
342 2805 485 2884 nequiret,
508 2804 635 2868 multum
650 2823 684 2866 ac
698 2803 748 2866 diu
761 2805 903 2866 haesitato
918 2803 1037 2866 tandem
1051 2804 1135 2870 uirile
1149 2803 1297 2868 marinum

190 2907 288 2968 nescio
305 2925 363 2987 qua
377 2907 637 2970 circumlocutione
653 2908 729 2969 male
748 2925 782 2969 ae
800 2908 918 2972 sordide
938 2907 1111 2970 nominauit
1147 2907 1199 2968 sed
1217 2907 1296 2968 enim

188 3008 309 3072 feminal
321 3011 404 3072 nullo
419 3018 506 3091 pacto
520 3011 670 3091 reperiens
690 3011 840 3074 munditer
860 3010 956 3071 dicere
970 3010 1006 3072 ad
1021 3026 1087 3071 mea
1101 3009 1209 3090 scripta
1223 3024 1296 3070 con-

134 3136 168 3186 25
189 3111 263 3191 fugit
282 3119 312 3174 et
325 3133 342 3174 e
356 3114 487 3194 quodam
501 3131 569 3176 meo
584 3113 659 3175 libro
679 3105 1021 3194 legitt‘interfcminlum
1039 3117 1118 3192 tegat
1131 3117 1161 3172 et
1173 3109 1295 3173 femoris

189 3216 306 3279 obiectu
320 3222 350 3277 et
363 3216 478 3297 palmae
491 3216 677 3280 uelamento:
972 3235 975 3240 ·

220 3435 236 3470 0
259 3407 271 3458 1
291 3406 425 3459 adducor
448 3405 458 3476 Ι
482 3407 498 3460 2
510 3407 628 3460 mennam
640 3408 783 3476 n'grnq'fiecat
807 3405 813 3475 Ι
836 3405 976 3459 elleborum
988 3407 1033 3478 11φ
1060 3407 1064 3476 Ι
1091 3421 1177 3460 ancum
1189 3421 1229 3476 φν
1252 3404 1263 3474 ΙΙ
1280 3408 1296 3460 3

187 3487 225 3540 ita
237 3487 288 3539 clia
299 3487 441 3544 Worcorna
465 3487 471 3556 Ι
497 3488 650 3544 eiuscemodi
664 3488 806 3545 encoma
829 3487 841 3560 Ι
868 3489 977 3561 ltlreccp
999 3488 1012 3558 Ι
1037 3489 1053 3542 8
1069 3489 1259 3556 repperiendum
1274 3487 1295 3540 F

186 3620 193 3690 Ι
217 3571 297 3676 statui⁰
309 3623 603 3694 ll,stmaoq,sntuv
626 3623 637 3694 Ι
664 3625 889 3678 θηοιιιίηαιιοτιιηι
907 3626 1084 3679 Carantonus:
1106 3624 1296 3676 nominaucraut

188 3703 252 3772 Fmv
284 3702 294 3771 Ι
318 3705 350 3755 lo
365 3707 443 3758 verda
458 3707 500 3773 qui
516 3707 582 3759 alius
595 3707 693 3760 omnino
710 3706 787 3773 piscis
804 3705 852 3758 luit
866 3706 1134 3760 comminuentur
1144 3710 1204 3758 mie
1219 3709 1296 3758 acrba

189 3799 246 3836 num
258 3784 481 3851 quidem-*inueni
509 3784 519 3854 Ι
554 3787 582 3838 11
606 3787 695 3840 demis
712 3804 853 3842 conserens
869 3787 948 3856 TrpV,
965 3787 1099 3840 Themison
1117 3803 1131 3844 ς
1152 3785 1163 3855 Ι
1188 3787 1219 3839 12
1234 3791 1296 3856 post

188 3865 282 3918 audisti
293 3868 320 3916 ia
331 3864 352 3916 T
364 3881 459 3920 rasura
474 3865 484 3936 ΙΙ
502 3868 534 3920 13
545 3868 630 3922 inueni
643 3866 796 3924 Grcdctim:
808 3871 905 3922 inuenit
918 3869 979 3939 qu
990 3866 1001 3937 Ι
1014 3869 1161 3921 iterator·
1177 3883 1194 3920 v
1208 3867 1213 3935 Ι
1232 3868 1295 3920 meis

189 3960 239 3998 om.
256 3959 274 3996 v
289 3943 301 4014 Ι
314 3947 346 3998 15
358 3947 505 4016 quicumque
517 3965 558 4018 φν
575 3947 585 4018 Ι
599 3951 632 4004 16
643 3954 669 4002 ct
682 3951 712 4002 11
725 3952 767 4003 uel
778 3951 802 4004 ri
814 3951 840 4004 id
851 3968 886 4016 n,
898 3967 930 4004 m.
944 3950 1087 4003 Vcennos
1103 3945 1116 4015 Ι
1133 3949 1165 4000 18
1181 3949 1294 4020 callidis-

950 4040 988 4074 ΝΒ

188 4079 250 4131 sime
260 4080 428 4134 Carnabonta
440 4079 450 4152 ΙΙ
464 4083 495 4135 19
508 4081 582 4134 tidem
592 4083 700 4138 Fulvius
713 4083 720 4154 Ι
735 4087 875 4154 calumpnia
887 4105 910 4156 q>
924 4084 929 4153 Ι
1006 4101 1029 4153 φ
1046 4079 1058 4151 ΙΙ
1073 4083 1294 4152 reposcuntur

187 4175 282 4215 rasura
303 4159 315 4228 ΙΙ
338 4161 368 4213 21
383 4162 493 4230 intelligi
505 4163 598 4234 Tqrvl
626 4165 658 4219 22
674 4166 802 4220 haesitans
818 4166 963 4220 Seriverius
985 4163 996 4235 ΙΙ
1029 4165 1062 4218 23
1079 4163 1295 4218 circunlocutione

187 4257 204 4293 v
226 4237 238 4308 Ι
261 4241 294 4293 21
305 4239 454 4297 loemimlv
480 4244 484 4312 Ι
511 4247 689 4314 reqqrericnsll
716 4246 721 4314 Ι
748 4247 861 4312 comngit
871 4263 921 4317 qua
933 4263 957 4306 c:
970 4245 1090 4312 remugit.
1101 4247 1186 4314 itaquo
1196 4245 1294 4300 eccae

187 4323 278 4387 lanua,
291 4338 313 4376 e.
327 4326 567 4396 etquialimclral
587 4327 804 4399 ος,ωι.1·’φ1ἸΙ
828 4328 939 4384 talitro
951 4328 1043 4382 ncoV
1063 4325 1292 4396 {interfeminium
