3226 5026
318 476 360 538 44
659 472 689 524 L.
708 469 830 526 sevini
848 469 1084 526 xdbnvllllxsls

168 560 184 602 r.
192 560 255 602 run.
269 559 328 601 cas.
1335 557 1378 598 na.
1393 554 1498 602 cnaeus.

185 638 309 696 xxxllll
406 626 461 692 Hic
475 625 562 690 etiarn
577 645 632 710 pro
648 645 701 700 sua
715 626 856 708 grattitme
869 627 943 690 uitio
958 625 1031 690 mibi
1049 623 1194 700 uomebat,
1215 625 1296 708 quod
1310 645 1359 690 me
1373 642 1428 720 nec

320 731 483 794 sordidiora
503 729 599 795 dicere
617 731 741 794 honeste
756 730 876 812 pigeret.
899 736 928 794 at
946 749 1000 811 ego
1019 728 1062 792 illi
1082 734 1185 792 contra
1198 729 1304 794 iustius
1319 748 1427 812 expro-

218 857 307 900 enn,
321 833 445 909 braum,
475 832 556 913 quod
581 833 631 913 qui
656 829 669 917 ΙΙ
697 833 880 914 eloquentiae
905 833 1101 915 patrocinium
1125 832 1215 912 uulgo
1244 833 1426 914 profiteatur,

318 937 406 1000 ctiam
420 937 545 1000 honesta
559 936 639 998 dictu
653 934 771 998 sordide
784 936 921 1000 blatteret
940 955 974 998 ac
988 955 1075 1016 saepe
1093 935 1124 998 iu
1138 935 1228 998 rebus
1242 953 1426 1018 nequaquem

319 1039 484 1104 difficilibus
501 1037 663 1120 fringultiat
682 1040 731 1100 uel
750 1039 873 1102 omnino
894 1039 1088 1102 obmutescat.
1125 1036 1196 1101 cedo
1217 1037 1306 1114 enim,
1326 1039 1351 1102 si
1371 1058 1425 1120 ego
1446 1054 1462 1104 5

319 1144 355 1206 de
370 1140 490 1204 Veneris
505 1145 602 1202 statua
615 1140 687 1202 nibil
702 1139 840 1203 dixissem
854 1158 950 1221 neque
964 1139 1194 1204 interfeminium
1214 1139 1424 1226 nominassem,
1439 1155 1497 1210 (⁴⁷³)

212 1287 215 1292 ,
319 1244 426 1326 quibus
441 1243 560 1306 tandem
575 1242 674 1306 uerbis
689 1261 858 1306 accusasses
877 1243 989 1307 crimen
1008 1242 1080 1307 illud
1099 1249 1161 1305 tam
1180 1243 1318 1306 strdtitiae
1338 1261 1425 1325 quam

319 1348 434 1426 linguae
448 1353 516 1410 tuae
531 1342 719 1427 congruens?
742 1363 780 1408 sn
794 1345 952 1426 quicquam
971 1345 1089 1410 stultius
1109 1364 1198 1427 quam
1217 1365 1253 1409 ex
1270 1346 1426 1410 nominum

319 1449 537 1532 propinquitate
558 1450 620 1512 uim
639 1449 764 1512 similem
783 1467 885 1512 rerum
903 1444 1083 1512 coniectari?
1105 1455 1149 1512 set
1162 1449 1289 1514 fortasse
1305 1465 1343 1510 an
1356 1466 1426 1529 per-

271 1567 289 1622 d
320 1559 403 1616 acute
423 1551 589 1634 repperisse
610 1551 696 1618 uobis
715 1551 910 1627 nitebamini,
934 1542 969 1614 ui
985 1551 1135 1631 quaesisse
1151 1534 1202 1614 me
1221 1551 1368 1632 fingeretis
1388 1550 1424 1615 ad
1447 1567 1480 1618 lo

319 1654 469 1720 illecebras
489 1654 616 1734 magicas
636 1655 696 1718 duc
719 1653 791 1716 haec
808 1655 937 1730 marina,
956 1655 1121 1719 ueretillum
1141 1660 1170 1717 et
1188 1655 1325 1736 uirginal3
1347 1653 1426 1720 disce

320 1759 399 1820 enim
414 1756 535 1820 nomina
544 1775 645 1821 rerum
652 1756 765 1831 Latina,
780 1774 854 1837 quae
864 1745 1114 1839 proptereaucrie
1123 1757 1285 1834 nominaui,
1305 1754 1310 1842 Ι
1328 1763 1362 1820 ut
1373 1757 1426 1820 de-

320 1877 381 1923 nuo
396 1860 558 1922 instructus
573 1877 702 1922 accuses.
732 1865 882 1922 memento
897 1866 997 1926 tamen
1011 1867 1073 1924 tarn
1092 1860 1248 1926 ridiculum
1267 1877 1426 1942 argumen-

318 1969 384 2026 tum
398 1961 463 2024 iore
478 1960 640 2026 desiderate
654 1961 689 2024 ad
705 1979 752 2026 res
772 1980 913 2026 uenereas
928 1963 1041 2027 marine
1056 1965 1194 2042 obscena,¹
1208 1983 1297 2045 quem
1310 1963 1336 2026 si
1347 1964 1425 2026 dicas

320 2065 468 2130 moinum
482 2065 629 2146 pectinem
644 2065 788 2128 comendo
804 2066 907 2148 capillo
924 2061 1089 2148 quaesitum
1107 2069 1155 2132 uel
1169 2066 1348 2150 aucupandis
1368 2085 1425 2131 uo·
1446 2081 1479 2134 15

319 2168 447 2232 lantibus
467 2169 578 2249 piscem
598 2167 767 2250 accipitrem
793 2175 843 2233 aut
862 2170 1005 2237 uenandis
1032 2170 1111 2252 apris
1132 2171 1245 2252 piscem
1263 2170 1426 2252 apriculum

319 2278 370 2334 aut
384 2270 532 2334 eliciendis
554 2271 681 2334 mortuis
701 2271 814 2334 marina
835 2273 970 2336 caluaria.
1000 2273 1167 2356 respondeo
1186 2273 1274 2354 igitur
1291 2275 1328 2336 ad
1345 2275 1426 2338 hunc

319 2381 453 2438 uestrum
468 2376 568 2438 locum
586 2391 648 2437 non
662 2374 760 2436 minus
775 2374 887 2438 insulse
902 2393 991 2457 quam
1005 2376 1133 2440 absurde
1148 2382 1360 2451 commentum,
1376 2395 1424 2440 me

318 2480 406 2541 hasce
421 2493 514 2557 nugas
528 2477 656 2542 marinas
672 2483 701 2540 et
716 2477 886 2558 quisquilias
900 2478 1021 2542 litoralis
1035 2497 1131 2560 neque
1141 2479 1235 2562 pretio
1250 2496 1346 2560 neque
1356 2497 1423 2561 gra—
1438 2502 1499 2560 (err)

319 2581 356 2644 tis
372 2579 530 2661 quaesisse.
1089 2643 1092 2647 ,
1445 2609 1481 2660 20

198 2696 302 2750 xxxv
405 2683 480 2744 Illud
506 2681 593 2745 etiem
618 2687 768 2763 praeterea
792 2683 969 2764 responden,
995 2683 1125 2748 nescisse
1149 2703 1216 2758 uos,
1242 2683 1312 2764 quid
1337 2701 1353 2746 a
1378 2702 1426 2746 me

320 2784 485 2867 quaesitum
500 2784 656 2865 fingeretis.
686 2784 758 2848 haec
780 2786 859 2848 enim
878 2786 984 2851 friuola
1002 2805 1077 2869 quae
1095 2786 1269 2848 nominastis
1289 2787 1426 2868 ploraque

318 2887 350 2950 in
369 2885 504 2950 litoribus
525 2886 663 2950 omnibus
678 2887 841 2969 congestim
860 2894 890 2952 et
908 2889 1065 2954 aceruatim
1085 2889 1189 2963 iacent,
1209 2896 1239 2953 et
1257 2889 1320 2952 sins
1338 2888 1425 2954 ullius

321 3007 411 3070 opera
435 2990 595 3072 quamlibet
622 2989 726 3076 leuiter
751 2991 841 3054 motis
860 2993 1013 3056 flucticulis
1038 2994 1117 3056 ultro
1135 2991 1217 3055 foras
1236 2993 1424 3056 euoluuntur.

320 3093 393 3174 quin
413 3111 483 3175 ergo
504 3092 598 3157 dicitis
621 3113 671 3158 me
693 3093 797 3158 eadem
821 3113 911 3180 opera
936 3096 1030 3178 pretio
1050 3095 1186 3178 impenso
1209 3114 1263 3176 per
1280 3096 1424 3179 plurimos
1446 3111 1480 3164 nt

319 3433 336 3467 v
362 3413 368 3483 Ι
393 3413 543 3467 foemorisv
564 3415 576 3485 Ι
1375 3433 1390 3466 ο

388 3497 400 3547 1
416 3496 537 3550 manebat
548 3515 571 3567 φ
594 3495 605 3566 Ι
628 3497 644 3548 2
657 3497 864 3566 exprobrasset-im
875 3514 893 3551 v
915 3498 927 3569 Ι
951 3500 968 3552 d
983 3505 1149 3552 ommutescnt
1165 3499 1185 3552 p
1213 3498 1218 3566 Ι
1244 3497 1321 3549 caedo
1334 3514 1351 3550 v
1374 3496 1385 3567 Ι
1410 3499 1427 3550 6
1443 3542 1444 3545 ,

318 3627 394 3684 nichil
406 3651 429 3703 φ
455 3629 460 3699 Ι
479 3631 672 3685 interfeminium
685 3650 705 3698 ς,
723 3581 905 3685 111111οῶ111
917 3633 947 3700 F,
964 3633 1147 3686 interfemiuem
1158 3651 1189 3704 φ,
1209 3629 1426 3685 interlcemineam

319 3713 353 3766 V:
367 3711 740 3766 interfeminiaHtldsbrands'ur
763 3712 773 3783 Ι
801 3716 994 3768 'lstulticiaev
1025 3714 1035 3785 ΙΙ
1064 3715 1230 3768 dccniecteri
1243 3732 1264 3781 ς,
1286 3715 1425 3768 conlectam

319 3794 389 3864 1qu
407 3793 412 3861 Ι
439 3795 605 3847 socratesne:
622 3802 649 3847 et
665 3795 727 3866 va
754 3793 758 3862 Ι
784 3805 920 3862 praesente
936 3814 953 3850 v
977 3794 987 3864 ΙΙ
1013 3795 1044 3848 lt)
1056 3797 1196 3864 reppetisse
1209 3797 1239 3861 ll,
1255 3797 1381 3862 repetisse
1393 3814 1425 3865 φ,

319 3874 491 3942 repperissev
525 3875 530 3945 Ι
560 3879 790 3946 brtoepmectr'cnsm
808 3881 908 3932 mutarn·
923 3883 950 3930 et
970 3884 998 3928 ut
1016 3881 1121 3947 scripsi:
1144 3877 1231 3942 atFV,
1251 3893 1328 3947 sep:
1349 3878 1426 3946 oulgc

318 3955 476 4008 nidebnmini.
500 3955 536 4008 dt
560 3955 570 4025 Ι
596 3958 625 4009 11
640 3959 784 4011 ueretillam
796 3958 860 4029 va
879 3957 888 4026 ΙΙ
910 3960 942 4011 13
958 3956 1079 4010 instruct’
1101 3975 1129 4011 v:
1156 3959 1306 4012 instructius
1322 3960 1426 4029 Lipsius

317 4035 326 4103 ΙΙ
341 4037 372 4086 15
391 4039 535 4089 commendo
552 4053 569 4089 v
584 4037 589 4105 Ι
603 4039 751 4092 dolatilibus
763 4041 877 4092 Boneita
893 4038 904 4106 Ι
921 4040 952 4092 18
963 4045 1074 4110 [103111ιο
1086 4043 1113 4094 r'rt
1124 4057 1255 4110 (procura
1277 4039 1288 4110 Ι
1313 4042 1345 4093 19
1357 4040 1426 4109 quis-

320 4117 411 4183 quilias
422 4118 462 4170 cel
477 4126 551 4186 atquc
564 4119 679 4186 siquillas
694 4119 850 4176 Groslotr'mt
863 4121 992 4189 quiscilias
1004 4122 1033 4188 F,
1046 4121 1087 4190 qui
1100 4122 1188 4174 scillas
1200 4141 1232 4192 φ,
1246 4121 1404 4190 quiscillasv
1423 4120 1428 4189 Ι

319 4197 435 4250 litorales
448 4217 479 4270 φ,
495 4199 647 4254 littoralisv
667 4200 670 4269 Ι
690 4204 776 4268 precio
789 4221 806 4257 v
826 4202 837 4274 Ι
862 4204 894 4256 22
906 4201 999 4256 iriboln
1011 4203 1056 4273 up
1080 4200 1090 4271 ΙΙ
1114 4203 1148 4256 23
1160 4202 1291 4312 littpribns
1303 4198 1427 4255 omnib'v

319 4318 330 4388 Ι
342 4320 375 4372 24
386 4320 479 4372 leniter
491 4321 596 4375 rossem
619 4320 630 4390 Ι
642 4323 676 4374 rt
691 4324 778 4390 precio
790 4341 807 4377 v
830 4323 835 4391 Ι
860 4323 976 4394 plurimis
988 4341 1018 4378 os
1029 4325 1060 4393 ll,
1071 4323 1187 4392 plurimis
1210 4340 1241 4376 os
1252 4341 1276 4394 φ
1299 4321 1310 4391 Ι
