3226 5026
522 477 629 530 istac!
641 478 827 530 castvssolu
840 477 1029 530 PRAEFATIO
1261 498 1329 544 xxm

221 635 303 702 ullas
327 633 500 700 verborum
523 631 649 698 sordes:
674 654 756 718 quae
779 631 921 698 maxima
944 631 1097 698 orationis
1120 632 1199 700 vitia
1217 633 1329 721 pleris-

222 761 285 828 que
309 738 459 806 omnibus
482 738 550 805 eius
575 737 695 804 saeculi
717 737 915 821 auctoribus,
940 747 972 802 et
995 738 1050 826 qui
1073 739 1226 827 deinceps
1246 739 1328 806 inse-

222 846 304 930 cuti,
335 847 401 932 fsto
433 844 572 933 quodam
600 843 816 930 Eloquentiae
846 853 879 910 et
905 844 1038 932 Imperii
1067 845 1207 910 Romani
1235 846 1330 914 simul

222 952 394 1035 ruentium,
418 951 601 1018 adhaesere.
640 948 687 1015 At
710 958 804 1014 erunt
825 950 962 1016 fortasse
985 950 1129 1038 quinon
1146 953 1329 1038 verborum,

223 1057 280 1122 sed
303 1079 410 1123 rerum
434 1055 568 1122 cumina
584 1055 760 1122 obiectent:
784 1056 903 1145 quippe
919 1055 1115 1145 Apologiam
1131 1057 1225 1140 hanc,
1250 1060 1329 1125 afa·

209 1183 312 1230 'moso
336 1163 413 1228 olim
433 1185 531 1249 mago
554 1184 613 1249 pro
637 1161 824 1228 defensione
839 1161 1148 1252 Magiae'scriptam,
1172 1164 1213 1230 ab
1229 1164 1330 1230 oculis

223 1278 461 1358 conspectuque
484 1277 594 1334 nostro
616 1290 687 1333 esse
701 1268 925 1335 reiiciendam:
948 1292 1038 1336 more
1054 1270 1227 1337 multorum
1241 1271 1329 1348 vide·

222 1376 298 1442 licet
320 1376 450 1458 facient,
474 1383 511 1440 ut
534 1397 572 1440 ea
595 1374 748 1440 damnent
771 1396 854 1462 quae
876 1398 1042 1462 nunquam
1060 1376 1207 1462 legerint,
1233 1377 1260 1442 si
1276 1378 1331 1464 qui

221 1483 267 1549 ita
290 1482 351 1549 sibi
375 1481 625 1570 persuadebunt.
671 1481 741 1549 Nos
765 1489 891 1562 contra,
916 1503 982 1546 uon
1005 1481 1225 1549 defensionem
1245 1484 1330 1550 hanc

225 1610 295 1653 esse
309 1586 451 1675 Magios,
471 1588 528 1653 sed
544 1588 769 1675 gravissimam
785 1588 929 1654 eiusdem
944 1588 1194 1672 accusationem,
1212 1590 1328 1656 auden-

224 1701 273 1758 ter
295 1694 500 1760 affirmamus.
541 1693 628 1774 Quid
652 1695 737 1760 enim
755 1694 842 1760 aliud
857 1693 932 1760 hinc
949 1693 1095 1782 colligas,
1119 1717 1216 1780 quam
1231 1695 1330 1762 fuisse

223 1800 372 1867 omnibus
401 1823 528 1888 semper
558 1801 628 1868 sani
657 1801 768 1867 iudicii
790 1788 974 1866 hominibus
999 1801 1141 1866 curiosas
1164 1810 1249 1866 artes
1271 1801 1329 1867 im-

223 1907 390 1994 probatas,
419 1915 451 1972 et
473 1907 600 1994 legibus
622 1907 762 1974 vetitas?
788 1905 823 1972 ni
845 1907 891 1972 ita
913 1906 963 1990 sit,
986 1929 1151 1995 nunquam
1175 1908 1329 1995 profecto,
1360 1965 1362 1967 ,

223 2021 259 2078 ut
281 2013 375 2078 docte
399 2013 618 2080 sanctissimus
634 2015 685 2079 vir
699 2013 903 2102 Augustinus
919 2012 1081 2100 disputat,
1094 2020 1184 2080 tante
1200 2023 1329 2079 conten-

224 2119 325 2202 tione,
354 2128 509 2207 tantoque
531 2141 628 2206 opere
651 2118 683 2185 id
707 2121 839 2204 crimen,
864 2141 923 2185 ceu
946 2118 1089 2184 omnium
1111 2119 1288 2186 maximum
1311 2143 1330 2186 a

223 2246 258 2290 se
281 2234 394 2291 auctor
410 2224 638 2292 disertissimus
654 2228 820 2293 amolitum
835 2226 921 2292 isset
962 2224 1181 2305 Quamobrem
1198 2226 1329 2309 dabunt,

224 2354 333 2419 spero,
362 2331 456 2397 nobis
486 2331 598 2419 optimi
626 2343 659 2400 et
687 2333 870 2422 gravissimi
892 2331 954 2398 viri
976 2331 1045 2398 voti
1067 2332 1169 2398 nostri
1190 2332 1329 2416 veniam,

224 2436 312 2523 quod
334 2445 400 2504 tam
423 2438 583 2505 eruditum
606 2439 805 2527 antiquitatis
827 2447 1157 2507 monumentumnon
1179 2439 1225 2507 ita
1245 2439 1329 2505 lace-

223 2565 295 2608 rum
313 2543 521 2628 circumferri,
544 2567 651 2632 neque
667 2547 713 2611 ita
729 2539 835 2612 ἅεικέσι
860 2550 982 2631 πληγαῖς
998 2544 1179 2630 deformari,
1205 2567 1330 2634 semper

224 2649 450 2737 optaverimus.
496 2650 701 2738 Quamquam
729 2663 841 2719 votum
870 2652 931 2719 hoc
959 2661 1104 2718 nostrum
1134 2651 1215 2718 nihil
1243 2651 1330 2719 aliud

222 2755 284 2822 nisi
312 2765 423 2822 votum
451 2756 566 2841 fuisse,
596 2781 720 2847 nosque
749 2760 788 2825 de
816 2761 877 2838 hac
906 2759 1045 2825 editione
1068 2781 1232 2846 nunquam
1256 2767 1329 2825 ante

221 2863 283 2928 hoc
305 2872 443 2951 tempus,
468 2863 834 2954 quicquam'cogitasse,
858 2876 890 2932 et
911 2865 1033 2954 liquido
1056 2865 1162 2932 iurare
1178 2865 1240 2953 ipsi
1255 2889 1327 2954 pos-

221 2991 347 3035 sumus:
376 2978 409 3035 et
430 2979 549 3036 norum
572 2971 619 3036 illi
642 2971 772 3059 optime,
796 2995 933 3060 quorum
954 2971 1057 3060 petitu
1080 2980 1229 3060 suscepta
1251 2971 1330 3036 mihi

221 3083 254 3140 et
276 3083 353 3141 nata
375 3076 456 3140 haec
479 3075 609 3164 scriptio
633 3087 691 3143 est.
729 3067 843 3166 Nuper
858 3078 939 3144 adeo
963 3099 1036 3143 cum
1052 3077 1138 3164 apud
1154 3099 1206 3143 me
1222 3084 1330 3143 essent

221 3179 318 3246 amici
348 3177 480 3266 quidam
509 3190 541 3245 et
568 3182 742 3250 familiares
769 3184 850 3267 mei,
887 3183 1107 3249 adolescentes
1135 3183 1193 3248 has
1219 3181 1328 3248 literas

222 3284 368 3372 apprime
395 3285 499 3370 docti,
529 3294 562 3352 et
583 3311 679 3376 snper
702 3312 846 3356 mensam
870 3298 939 3355 orto
964 3290 1003 3355 de
1026 3288 1121 3356 huius
1143 3287 1218 3355 libri
1240 3309 1328 3353 men-

222 3389 271 3454 dis
295 3412 457 3476 sermone,
487 3393 696 3462 ostendissem
723 3395 763 3461 iis
786 3393 869 3485 qus'e
892 3394 1015 3484 pridem
1039 3395 1123 3462 inter
1144 3394 1327 3484 legendum,

221 3505 257 3562 ut
278 3496 329 3581 fit,
354 3497 396 3564 ad
420 3521 508 3566 oram
531 3501 596 3567 mei
621 3501 742 3568 codicis
765 3503 1010 3569 adnotaveram:
1034 3511 1210 3591 coeperunt
1231 3501 1327 3568 vehe-

220 3612 345 3669 menter
372 3626 393 3668 a
422 3628 474 3671 me
504 3607 714 3691 contendere,
744 3611 862 3675 vellem
890 3609 947 3676 illa
976 3609 1047 3698 ipsa
1075 3633 1148 3676 cum
1175 3607 1328 3679 'studiosis

220 3710 466 3776 communicare.
507 3711 593 3792 Quid
616 3715 739 3780 multa?
762 3738 828 3781 non
850 3725 925 3782 ante
947 3716 1044 3783 finem
1069 3715 1180 3784 orandi
1202 3715 1267 3780 mei
1281 3715 1327 3782 fe-

220 3822 343 3896 cenmt,
361 3836 464 3904 quam
486 3829 671 3886 exorarunt.
719 3822 811 3888 Haec
834 3822 879 3888 ita
901 3821 1069 3904 accidisse,
1093 3843 1209 3908 meque
1224 3843 1327 3908 paene

219 3918 366 4004 invitum,
391 3932 478 3990 certe
502 3920 601 3991 ἑκόντα
625 3920 734 3993 ἀέκοντι
757 3926 845 4014 θυμῷ
867 3928 999 3993 horsum
1022 3925 1121 3992 fuisse
1143 3925 1326 4014 impulsum,

217 4025 265 4090 illi
288 4025 350 4114 ipsi
373 4027 469 4094 amici
491 4030 567 4114 mei,
591 4033 678 4119 quod
701 4033 836 4121 gaudeo,
861 4032 1079 4100 testimonium
1099 4031 1179 4099 mihi
1194 4033 1280 4121 apud
1294 4041 1328 4098 te

218 4131 442 4218 perhibebunt.
490 4134 704 4206 Commodum
727 4140 829 4226 enim,
857 4149 894 4207 nt
916 4162 1010 4227 spero
1034 4149 1068 4206 et
1090 4149 1183 4227 opto,
1212 4139 1327 4206 eodem

217 4244 363 4326 tempore
386 4248 419 4305 et
441 4241 489 4308 illi
512 4241 617 4310 isthuc
640 4247 813 4333 appellent,
837 4256 871 4313 et
892 4248 973 4314 haec
995 4255 1105 4314 nostra
1123 4246 1157 4314 in
1172 4254 1245 4313 tuas
1260 4268 1326 4311 ma-
