<?xml version="1.0" encoding="UTF-8"?>
<!DOCTYPE html PUBLIC "-//W3C//DTD XHTML 1.0 Transitional//EN"
    "http://www.w3.org/TR/xhtml1/DTD/xhtml1-transitional.dtd">
<html xmlns="http://www.w3.org/1999/xhtml" xml:lang="en" lang="en">
 <head>
  <title>
</title>
<meta http-equiv="Content-Type" content="text/html;charset=utf-8" />
  <meta name='ocr-system' content='tesseract 3.04.00' />
  <meta name='ocr-capabilities' content='ocr_page ocr_carea ocr_par ocr_line ocrx_word'/>
</head>
<body>
  <div class='ocr_page' id='page_1' title='image "./lapuleimadauren01krgoog_0011.png"; bbox 0 0 3226 5026; ppageno 0'>
   <div class='ocr_carea' id='block_1_1' title="bbox 281 437 928 513">
    <p class='ocr_par' dir='ltr' id='par_1_1' title="bbox 281 437 928 513">
     <span class='ocr_line' id='line_1_1' title="bbox 281 437 928 513; baseline 0 -23"><span class='ocrx_word' id='word_1_1' title='bbox 281 463 310 504; x_wconf 80' lang='lat' dir='ltr'><strong><em>u</em></strong></span> <span class='ocrx_word' id='word_1_2' title='bbox 377 500 381 513; x_wconf 62' lang='lat'><strong><em>.</em></strong></span> <span class='ocrx_word' id='word_1_3' title='bbox 739 437 928 490; x_wconf 71' lang='lat' dir='ltr'><strong><em>pacurano</em></strong></span> 
     </span>
    </p>
   </div>
   <div class='ocr_carea' id='block_1_2' title="bbox 283 592 1464 4258">
    <p class='ocr_par' dir='ltr' id='par_1_2' title="bbox 283 592 1464 780">
     <span class='ocr_line' id='line_1_2' title="bbox 283 592 1464 676; baseline -0.007 -18"><span class='ocrx_word' id='word_1_4' title='bbox 283 616 363 674; x_wconf 82' lang='lat' dir='ltr'><strong><em>earn,</em></strong></span> <span class='ocrx_word' id='word_1_5' title='bbox 400 597 464 657; x_wconf 83' lang='lat' dir='ltr'><strong><em>sinc</em></strong></span> <span class='ocrx_word' id='word_1_6' title='bbox 493 596 556 656; x_wconf 85' lang='lat' dir='ltr'><strong><em>allo</em></strong></span> <span class='ocrx_word' id='word_1_7' title='bbox 586 596 757 676; x_wconf 75' lang='lat' dir='ltr'><strong><em>receptione</em></strong></span> <span class='ocrx_word' id='word_1_8' title='bbox 762 640 771 673; x_wconf 94' lang='lat'><strong><em>,</em></strong></span> <span class='ocrx_word' id='word_1_9' title='bbox 802 613 869 656; x_wconf 81' lang='lat' dir='ltr'><strong><em>com</em></strong></span> <span class='ocrx_word' id='word_1_10' title='bbox 898 592 1019 655; x_wconf 81' lang='lat' dir='ltr'><strong><em>Marcio</em></strong></span> <span class='ocrx_word' id='word_1_11' title='bbox 1048 611 1115 655; x_wconf 86' lang='lat' dir='ltr'><strong><em>vor.</em></strong></span> <span class='ocrx_word' id='word_1_12' title='bbox 1132 593 1194 655; x_wconf 76' lang='lat' dir='ltr'><strong><em>leci,</em></strong></span> <span class='ocrx_word' id='word_1_13' title='bbox 1223 593 1323 671; x_wconf 84' lang='lat' dir='ltr'><em>XVII</em></span> <span class='ocrx_word' id='word_1_14' title='bbox 1348 595 1390 656; x_wconf 77' lang='lat'><strong><em>19</em></strong></span> <span class='ocrx_word' id='word_1_15' title='bbox 1461 643 1464 650; x_wconf 55' lang='lat'><strong><em>.</em></strong></span> 
     </span>
     <span class='ocr_line' id='line_1_3' title="bbox 283 699 1238 780; baseline -0.006 -16"><span class='ocrx_word' id='word_1_16' title='bbox 283 700 448 764; x_wconf 75' lang='lat' dir='ltr'><strong><em>&lt;eruditam</em></strong></span> <span class='ocrx_word' id='word_1_17' title='bbox 470 700 612 780; x_wconf 72' lang='lat' dir='ltr'><strong><em>inprimis</em></strong></span> <span class='ocrx_word' id='word_1_18' title='bbox 634 705 664 762; x_wconf 86' lang='lat' dir='ltr'><strong><em>et</em></strong></span> <span class='ocrx_word' id='word_1_19' title='bbox 682 702 836 762; x_wconf 70' lang='lat' dir='ltr'><strong><em>accusatos</em></strong></span> <span class='ocrx_word' id='word_1_20' title='bbox 858 699 1051 777; x_wconf 73' lang='lat' dir='ltr'><strong><em>scriptorem&gt;</em></strong></span> <span class='ocrx_word' id='word_1_21' title='bbox 1073 715 1238 774; x_wconf 61' lang='lat' dir='ltr'><strong><em>vocareris</em></strong></span> 
     </span>
    </p>

    <p class='ocr_par' dir='ltr' id='par_1_3' title="bbox 284 799 1395 3412">
     <span class='ocr_line' id='line_1_4' title="bbox 373 799 1389 888; baseline -0.002 -20"><span class='ocrx_word' id='word_1_22' title='bbox 373 801 482 868; x_wconf 79' lang='lat' dir='ltr'><strong><em>Sensit</em></strong></span> <span class='ocrx_word' id='word_1_23' title='bbox 504 801 603 888; x_wconf 90' lang='lat' dir='ltr'><strong><em>igitur</em></strong></span> <span class='ocrx_word' id='word_1_24' title='bbox 618 800 885 868; x_wconf 88' lang='lat' dir='ltr'><strong><em>Ruhnkenius</em></strong></span> <span class='ocrx_word' id='word_1_25' title='bbox 908 800 995 887; x_wconf 90' lang='lat' dir='ltr'><strong><em>quod</em></strong></span> <span class='ocrx_word' id='word_1_26' title='bbox 1018 799 1222 864; x_wconf 87' lang='lat' dir='ltr'><strong><em>verissimum</em></strong></span> <span class='ocrx_word' id='word_1_27' title='bbox 1238 809 1303 865; x_wconf 72' lang='lat' dir='ltr'><strong><em>ests</em></strong></span> <span class='ocrx_word' id='word_1_28' title='bbox 1327 801 1389 866; x_wconf 88' lang='lat' dir='ltr'><strong><em>dis-</em></strong></span> 
     </span>
     <span class='ocr_line' id='line_1_5' title="bbox 284 903 1390 994; baseline -0.001 -21"><span class='ocrx_word' id='word_1_29' title='bbox 284 909 406 973; x_wconf 80' lang='lat' dir='ltr'><strong><em>crimen</em></strong></span> <span class='ocrx_word' id='word_1_30' title='bbox 429 906 591 994; x_wconf 79' lang='lat' dir='ltr'><strong>quoddam</strong></span> <span class='ocrx_word' id='word_1_31' title='bbox 616 906 764 994; x_wconf 84' lang='lat' dir='ltr'><strong><em>dictionis</em></strong></span> <span class='ocrx_word' id='word_1_32' title='bbox 787 904 872 971; x_wconf 91' lang='lat' dir='ltr'><strong><em>inter</em></strong></span> <span class='ocrx_word' id='word_1_33' title='bbox 895 904 1078 992; x_wconf 82' lang='lat' dir='ltr'>apologiam</span> <span class='ocrx_word' id='word_1_34' title='bbox 1095 913 1285 992; x_wconf 88' lang='lat' dir='ltr'><strong><em>ceterosque</em></strong></span> <span class='ocrx_word' id='word_1_35' title='bbox 1300 903 1390 993; x_wconf 89' lang='lat' dir='ltr'><strong><em>Apu·</em></strong></span> 
     </span>
     <span class='ocr_line' id='line_1_6' title="bbox 284 1009 1390 1098; baseline -0.002 -19"><span class='ocrx_word' id='word_1_36' title='bbox 284 1014 327 1079; x_wconf 92' lang='lat' dir='ltr'><strong><em>lei</em></strong></span> <span class='ocrx_word' id='word_1_37' title='bbox 350 1013 449 1078; x_wconf 91' lang='lat' dir='ltr'><strong><em>libros</em></strong></span> <span class='ocrx_word' id='word_1_38' title='bbox 472 1011 681 1077; x_wconf 79' lang='lat' dir='ltr'><strong><em>intercedere.</em></strong></span> <span class='ocrx_word' id='word_1_39' title='bbox 720 1031 826 1098; x_wconf 84' lang='lat' dir='ltr'><strong><em>neque</em></strong></span> <span class='ocrx_word' id='word_1_40' title='bbox 849 1033 927 1076; x_wconf 91' lang='lat' dir='ltr'><strong><em>vero</em></strong></span> <span class='ocrx_word' id='word_1_41' title='bbox 943 1010 977 1075; x_wconf 92' lang='lat' dir='ltr'><strong><em>in</em></strong></span> <span class='ocrx_word' id='word_1_42' title='bbox 993 1033 1106 1076; x_wconf 90' lang='lat' dir='ltr'><strong><em>causas</em></strong></span> <span class='ocrx_word' id='word_1_43' title='bbox 1124 1009 1218 1075; x_wconf 89' lang='lat' dir='ltr'><strong><em>huius</em></strong></span> <span class='ocrx_word' id='word_1_44' title='bbox 1234 1010 1282 1075; x_wconf 90' lang='lat' dir='ltr'><strong><em>rei</em></strong></span> <span class='ocrx_word' id='word_1_45' title='bbox 1298 1033 1390 1077; x_wconf 88' lang='lat' dir='ltr'><strong><em>accu-</em></strong></span> 
     </span>
     <span class='ocr_line' id='line_1_7' title="bbox 284 1114 1391 1202; baseline -0.003 -19"><span class='ocrx_word' id='word_1_46' title='bbox 284 1119 384 1184; x_wconf 89' lang='lat' dir='ltr'><strong><em>ratius</em></strong></span> <span class='ocrx_word' id='word_1_47' title='bbox 414 1115 594 1202; x_wconf 86' lang='lat' dir='ltr'><strong><em>inquisivit:</em></strong></span> <span class='ocrx_word' id='word_1_48' title='bbox 626 1115 659 1180; x_wconf 91' lang='lat' dir='ltr'><strong><em>id</em></strong></span> <span class='ocrx_word' id='word_1_49' title='bbox 683 1115 769 1202; x_wconf 91' lang='lat' dir='ltr'><strong><em>quod</em></strong></span> <span class='ocrx_word' id='word_1_50' title='bbox 790 1116 899 1180; x_wconf 88' lang='lat' dir='ltr'><strong><em>facere</em></strong></span> <span class='ocrx_word' id='word_1_51' title='bbox 923 1114 1044 1180; x_wconf 78' lang='lat' dir='ltr'><strong><em>studuit</em></strong></span> <span class='ocrx_word' id='word_1_52' title='bbox 1065 1115 1128 1180; x_wconf 89' lang='lat' dir='ltr'><strong><em>hoc</em></strong></span> <span class='ocrx_word' id='word_1_53' title='bbox 1152 1117 1280 1180; x_wconf 90' lang='lat' dir='ltr'><strong><em>saeculo</em></strong></span> <span class='ocrx_word' id='word_1_54' title='bbox 1306 1117 1391 1181; x_wconf 89' lang='lat' dir='ltr'><strong><em>solus</em></strong></span> 
     </span>
     <span class='ocr_line' id='line_1_8' title="bbox 285 1217 1391 1306; baseline 0 -19"><span class='ocrx_word' id='word_1_55' title='bbox 285 1220 618 1303; x_wconf 88' lang='lat' dir='ltr'><strong><em>Hildebrandius,</em></strong></span> <span class='ocrx_word' id='word_1_56' title='bbox 641 1218 881 1290; x_wconf 88' lang='lat' dir='ltr'><strong><em>recentissimus</em></strong></span> <span class='ocrx_word' id='word_1_57' title='bbox 896 1217 1016 1306; x_wconf 87' lang='lat' dir='ltr'><strong><em>Apulei</em></strong></span> <span class='ocrx_word' id='word_1_58' title='bbox 1032 1219 1146 1301; x_wconf 84' lang='lat' dir='ltr'><strong><em>editor,</em></strong></span> <span class='ocrx_word' id='word_1_59' title='bbox 1171 1221 1229 1285; x_wconf 89' lang='lat' dir='ltr'><strong><em>sed</em></strong></span> <span class='ocrx_word' id='word_1_60' title='bbox 1245 1241 1286 1284; x_wconf 88' lang='lat' dir='ltr'><strong><em>ex</em></strong></span> <span class='ocrx_word' id='word_1_61' title='bbox 1301 1243 1391 1287; x_wconf 91' lang='lat' dir='ltr'><strong><em>more</em></strong></span> 
     </span>
     <span class='ocr_line' id='line_1_9' title="bbox 286 1324 1392 1415; baseline -0.003 -22"><span class='ocrx_word' id='word_1_62' title='bbox 286 1348 342 1393; x_wconf 90' lang='lat' dir='ltr'><strong><em>suo</em></strong></span> <span class='ocrx_word' id='word_1_63' title='bbox 378 1327 513 1415; x_wconf 87' lang='lat' dir='ltr'><strong><em>protulit</em></strong></span> <span class='ocrx_word' id='word_1_64' title='bbox 543 1326 695 1413; x_wconf 80' lang='lat' dir='ltr'><strong><em>(prolspp.</em></strong></span> <span class='ocrx_word' id='word_1_65' title='bbox 718 1350 753 1410; x_wconf 90' lang='lat' dir='ltr'><strong><em>p.</em></strong></span> <span class='ocrx_word' id='word_1_66' title='bbox 779 1326 932 1409; x_wconf 86' lang='lat' dir='ltr'><em>XXIIII)</em></span> <span class='ocrx_word' id='word_1_67' title='bbox 961 1324 1042 1389; x_wconf 91' lang='lat' dir='ltr'><strong><em>nihil</em></strong></span> <span class='ocrx_word' id='word_1_68' title='bbox 1068 1326 1136 1391; x_wconf 84' lang='lat' dir='ltr'><strong><em>fere</em></strong></span> <span class='ocrx_word' id='word_1_69' title='bbox 1165 1324 1228 1390; x_wconf 88' lang='lat' dir='ltr'><strong><em>nisi</em></strong></span> <span class='ocrx_word' id='word_1_70' title='bbox 1255 1324 1392 1412; x_wconf 88' lang='lat' dir='ltr'><strong><em>ineptias</em></strong></span> 
     </span>
     <span class='ocr_line' id='line_1_10' title="bbox 285 1429 1393 1520; baseline -0.002 -22"><span class='ocrx_word' id='word_1_71' title='bbox 285 1433 434 1520; x_wconf 87' lang='lat' dir='ltr'><strong><em>indignas</em></strong></span> <span class='ocrx_word' id='word_1_72' title='bbox 468 1433 613 1520; x_wconf 85' lang='lat' dir='ltr'><strong><em>profecto</em></strong></span> <span class='ocrx_word' id='word_1_73' title='bbox 649 1453 731 1518; x_wconf 88' lang='lat' dir='ltr'><strong><em>quae</em></strong></span> <span class='ocrx_word' id='word_1_74' title='bbox 764 1431 953 1496; x_wconf 82' lang='lat' dir='ltr'><strong><em>refutentur.</em></strong></span> <span class='ocrx_word' id='word_1_75' title='bbox 1011 1429 1062 1494; x_wconf 89' lang='lat' dir='ltr'><strong><em>his</em></strong></span> <span class='ocrx_word' id='word_1_76' title='bbox 1096 1429 1330 1516; x_wconf 78' lang='lat' dir='ltr'><strong><em>praetermissis</em></strong></span> <span class='ocrx_word' id='word_1_77' title='bbox 1365 1429 1393 1496; x_wconf 91' lang='lat' dir='ltr'><strong><em>si</em></strong></span> 
     </span>
     <span class='ocr_line' id='line_1_11' title="bbox 286 1535 1391 1625; baseline -0.002 -21"><span class='ocrx_word' id='word_1_78' title='bbox 286 1559 391 1604; x_wconf 86' lang='lat' dir='ltr'><strong><em>meam</em></strong></span> <span class='ocrx_word' id='word_1_79' title='bbox 420 1538 551 1625; x_wconf 89' lang='lat' dir='ltr'><strong><em>quidem</em></strong></span> <span class='ocrx_word' id='word_1_80' title='bbox 579 1536 773 1604; x_wconf 83' lang='lat' dir='ltr'><strong><em>sententiam</em></strong></span> <span class='ocrx_word' id='word_1_81' title='bbox 801 1535 912 1623; x_wconf 81' lang='lat' dir='ltr'><strong><em>paucis</em></strong></span> <span class='ocrx_word' id='word_1_82' title='bbox 941 1535 1133 1602; x_wconf 87' lang='lat' dir='ltr'><strong><em>adumbrare</em></strong></span> <span class='ocrx_word' id='word_1_83' title='bbox 1156 1535 1242 1619; x_wconf 91' lang='lat' dir='ltr'><strong><em>licet,</em></strong></span> <span class='ocrx_word' id='word_1_84' title='bbox 1266 1535 1307 1602; x_wconf 89' lang='lat' dir='ltr'><strong><em>ad</em></strong></span> <span class='ocrx_word' id='word_1_85' title='bbox 1329 1535 1391 1602; x_wconf 89' lang='lat' dir='ltr'><strong><em>die·</em></strong></span> 
     </span>
     <span class='ocr_line' id='line_1_12' title="bbox 286 1641 1393 1710; baseline -0.003 0"><span class='ocrx_word' id='word_1_86' title='bbox 286 1645 410 1710; x_wconf 89' lang='lat' dir='ltr'><strong><em>crimen</em></strong></span> <span class='ocrx_word' id='word_1_87' title='bbox 443 1643 522 1709; x_wconf 89' lang='lat' dir='ltr'><strong><em>illud</em></strong></span> <span class='ocrx_word' id='word_1_88' title='bbox 557 1642 784 1710; x_wconf 88' lang='lat' dir='ltr'><strong><em>declarandum</em></strong></span> <span class='ocrx_word' id='word_1_89' title='bbox 817 1641 900 1706; x_wconf 90' lang='lat' dir='ltr'><strong><em>ratio</em></strong></span> <span class='ocrx_word' id='word_1_90' title='bbox 935 1641 1084 1708; x_wconf 86' lang='lat' dir='ltr'><strong><em>habenda</em></strong></span> <span class='ocrx_word' id='word_1_91' title='bbox 1118 1648 1167 1706; x_wconf 87' lang='lat' dir='ltr'><strong><em>est</em></strong></span> <span class='ocrx_word' id='word_1_92' title='bbox 1195 1657 1261 1707; x_wconf 86' lang='lat' dir='ltr'><strong><em>non¹</em></strong></span> <span class='ocrx_word' id='word_1_93' title='bbox 1290 1643 1393 1708; x_wconf 88' lang='lat' dir='ltr'><strong><em>solum</em></strong></span> 
     </span>
     <span class='ocr_line' id='line_1_13' title="bbox 287 1745 1392 1834; baseline -0.001 -21"><span class='ocrx_word' id='word_1_94' title='bbox 287 1748 390 1829; x_wconf 55' lang='lat' dir='ltr'><strong><em>&lt;foria</em></strong></span> <span class='ocrx_word' id='word_1_95' title='bbox 419 1747 452 1812; x_wconf 90' lang='lat' dir='ltr'><strong><em>in</em></strong></span> <span class='ocrx_word' id='word_1_96' title='bbox 476 1770 539 1834; x_wconf 90' lang='lat' dir='ltr'><strong><em>quo</em></strong></span> <span class='ocrx_word' id='word_1_97' title='bbox 563 1747 671 1811; x_wconf 84' lang='lat' dir='ltr'><strong><em>extitit</em></strong></span> <span class='ocrx_word' id='word_1_98' title='bbox 692 1745 851 1833; x_wconf 89' lang='lat' dir='ltr'><strong><em>Apuleius</em></strong></span> <span class='ocrx_word' id='word_1_99' title='bbox 874 1754 998 1828; x_wconf 86' lang='lat' dir='ltr'><strong><em>orator,</em></strong></span> <span class='ocrx_word' id='word_1_100' title='bbox 1028 1745 1205 1812; x_wconf 88' lang='lat' dir='ltr'><strong><em>sedetiam</em></strong></span> <span class='ocrx_word' id='word_1_101' title='bbox 1228 1746 1392 1833; x_wconf 83' lang='lat' dir='ltr'><strong><em>temporis,</em></strong></span> 
     </span>
     <span class='ocr_line' id='line_1_14' title="bbox 287 1848 1393 1938; baseline -0.001 -21"><span class='ocrx_word' id='word_1_102' title='bbox 287 1874 351 1938; x_wconf 89' lang='lat' dir='ltr'><strong><em>quo</em></strong></span> <span class='ocrx_word' id='word_1_103' title='bbox 376 1851 553 1916; x_wconf 86' lang='lat' dir='ltr'><strong><em>orationem</em></strong></span> <span class='ocrx_word' id='word_1_104' title='bbox 574 1850 687 1916; x_wconf 90' lang='lat' dir='ltr'><strong><em>habuit</em></strong></span> <span class='ocrx_word' id='word_1_105' title='bbox 709 1850 875 1936; x_wconf 85' lang='lat' dir='ltr'><strong><em>literisque</em></strong></span> <span class='ocrx_word' id='word_1_106' title='bbox 898 1848 1072 1914; x_wconf 88' lang='lat' dir='ltr'><strong><em>mandavit.</em></strong></span> <span class='ocrx_word' id='word_1_107' title='bbox 1115 1858 1212 1936; x_wconf 88' lang='lat' dir='ltr'><strong><em>atque</em></strong></span> <span class='ocrx_word' id='word_1_108' title='bbox 1234 1849 1295 1915; x_wconf 90' lang='lat' dir='ltr'><strong><em>hoc</em></strong></span> <span class='ocrx_word' id='word_1_109' title='bbox 1319 1873 1393 1916; x_wconf 89' lang='lat' dir='ltr'><strong><em>eum</em></strong></span> 
     </span>
     <span class='ocr_line' id='line_1_15' title="bbox 287 1953 1394 2041; baseline -0.001 -19"><span class='ocrx_word' id='word_1_110' title='bbox 287 1957 402 2022; x_wconf 89' lang='lat' dir='ltr'><strong><em>fecisse</em></strong></span> <span class='ocrx_word' id='word_1_111' title='bbox 435 1955 568 2022; x_wconf 92' lang='lat' dir='ltr'><strong><em>iuvenili</em></strong></span> <span class='ocrx_word' id='word_1_112' title='bbox 602 1962 708 2020; x_wconf 88' lang='lat' dir='ltr'><strong><em>aetate</em></strong></span> <span class='ocrx_word' id='word_1_113' title='bbox 737 1953 772 2018; x_wconf 91' lang='lat' dir='ltr'><strong><em>in</em></strong></span> <span class='ocrx_word' id='word_1_114' title='bbox 800 1953 950 2041; x_wconf 87' lang='lat' dir='ltr'><strong><em>apologia</em></strong></span> <span class='ocrx_word' id='word_1_115' title='bbox 978 1953 1049 2040; x_wconf 90' lang='lat' dir='ltr'><strong><em>ipsa</em></strong></span> <span class='ocrx_word' id='word_1_116' title='bbox 1078 1953 1255 2020; x_wconf 85' lang='lat' dir='ltr'><strong><em>certissima</em></strong></span> <span class='ocrx_word' id='word_1_117' title='bbox 1284 1954 1394 2040; x_wconf 85' lang='lat' dir='ltr'><strong><em>insunt</em></strong></span> 
     </span>
     <span class='ocr_line' id='line_1_16' title="bbox 287 2056 1395 2147; baseline -0.001 -20"><span class='ocrx_word' id='word_1_118' title='bbox 287 2060 480 2128; x_wconf 85' lang='lat' dir='ltr'><strong><em>testimonia.</em></strong></span> <span class='ocrx_word' id='word_1_119' title='bbox 525 2059 590 2126; x_wconf 88' lang='lat' dir='ltr'><strong><em>iam</em></strong></span> <span class='ocrx_word' id='word_1_120' title='bbox 612 2081 690 2124; x_wconf 89' lang='lat' dir='ltr'><strong><em>vero</em></strong></span> <span class='ocrx_word' id='word_1_121' title='bbox 714 2081 788 2123; x_wconf 87' lang='lat' dir='ltr'><strong><em>cum</em></strong></span> <span class='ocrx_word' id='word_1_122' title='bbox 809 2056 967 2144; x_wconf 89' lang='lat' dir='ltr'><strong><em>Apuleius</em></strong></span> <span class='ocrx_word' id='word_1_123' title='bbox 988 2056 1177 2124; x_wconf 77' lang='lat' dir='ltr'><strong><em>adulescens</em></strong></span> <span class='ocrx_word' id='word_1_124' title='bbox 1198 2079 1257 2146; x_wconf 89' lang='lat' dir='ltr'><strong><em>per</em></strong></span> <span class='ocrx_word' id='word_1_125' title='bbox 1271 2059 1395 2147; x_wconf 88' lang='lat' dir='ltr'><strong><em>aliquot</em></strong></span> 
     </span>
     <span class='ocr_line' id='line_1_17' title="bbox 287 2162 1394 2252; baseline -0.004 -18"><span class='ocrx_word' id='word_1_126' title='bbox 287 2167 445 2234; x_wconf 86' lang='lat' dir='ltr'><strong><em>annorum</em></strong></span> <span class='ocrx_word' id='word_1_127' title='bbox 480 2165 617 2252; x_wconf 89' lang='lat' dir='ltr'><strong><em>spatium</em></strong></span> <span class='ocrx_word' id='word_1_128' title='bbox 647 2164 681 2229; x_wconf 89' lang='lat' dir='ltr'><strong><em>in</em></strong></span> <span class='ocrx_word' id='word_1_129' title='bbox 711 2162 852 2230; x_wconf 84' lang='lat' dir='ltr'><strong><em>Graecia</em></strong></span> <span class='ocrx_word' id='word_1_130' title='bbox 881 2173 918 2228; x_wconf 83' lang='lat' dir='ltr'><strong><em>et</em></strong></span> <span class='ocrx_word' id='word_1_131' title='bbox 942 2164 1037 2230; x_wconf 87' lang='lat' dir='ltr'><strong><em>Italia</em></strong></span> <span class='ocrx_word' id='word_1_132' title='bbox 1065 2164 1166 2231; x_wconf 90' lang='lat' dir='ltr'><strong><em>literis</em></strong></span> <span class='ocrx_word' id='word_1_133' title='bbox 1196 2163 1332 2230; x_wconf 82' lang='lat' dir='ltr'><strong><em>Graecis</em></strong></span> <span class='ocrx_word' id='word_1_134' title='bbox 1362 2174 1394 2232; x_wconf 88' lang='lat' dir='ltr'><strong><em>et</em></strong></span> 
     </span>
     <span class='ocr_line' id='line_1_18' title="bbox 288 2269 1393 2356; baseline -0.002 -18"><span class='ocrx_word' id='word_1_135' title='bbox 288 2271 413 2338; x_wconf 88' lang='lat' dir='ltr'><strong><em>Latinis</em></strong></span> <span class='ocrx_word' id='word_1_136' title='bbox 436 2270 596 2337; x_wconf 87' lang='lat' dir='ltr'><strong><em>discendis</em></strong></span> <span class='ocrx_word' id='word_1_137' title='bbox 620 2292 751 2356; x_wconf 88' lang='lat' dir='ltr'><strong><em>operam</em></strong></span> <span class='ocrx_word' id='word_1_138' title='bbox 774 2269 952 2350; x_wconf 74' lang='lat' dir='ltr'><strong><em>cavaverit,</em></strong></span> <span class='ocrx_word' id='word_1_139' title='bbox 979 2269 1093 2335; x_wconf 90' lang='lat' dir='ltr'><strong><em>deinde</em></strong></span> <span class='ocrx_word' id='word_1_140' title='bbox 1109 2269 1143 2334; x_wconf 89' lang='lat' dir='ltr'><strong><em>in</em></strong></span> <span class='ocrx_word' id='word_1_141' title='bbox 1159 2269 1306 2336; x_wconf 86' lang='lat' dir='ltr'><strong><em>Africam</em></strong></span> <span class='ocrx_word' id='word_1_142' title='bbox 1322 2271 1393 2336; x_wconf 90' lang='lat' dir='ltr'><strong><em>red·</em></strong></span> 
     </span>
     <span class='ocr_line' id='line_1_19' title="bbox 287 2374 1392 2464; baseline -0.002 -20"><span class='ocrx_word' id='word_1_143' title='bbox 287 2378 370 2460; x_wconf 86' lang='lat' dir='ltr'><strong><em>ierit,</em></strong></span> <span class='ocrx_word' id='word_1_144' title='bbox 393 2398 501 2442; x_wconf 90' lang='lat' dir='ltr'><strong><em>nonne</em></strong></span> <span class='ocrx_word' id='word_1_145' title='bbox 523 2375 592 2442; x_wconf 89' lang='lat' dir='ltr'><strong><em>veri</em></strong></span> <span class='ocrx_word' id='word_1_146' title='bbox 608 2374 805 2440; x_wconf 88' lang='lat' dir='ltr'><strong><em>simillimum</em></strong></span> <span class='ocrx_word' id='word_1_147' title='bbox 828 2384 886 2456; x_wconf 89' lang='lat' dir='ltr'><strong><em>est,</em></strong></span> <span class='ocrx_word' id='word_1_148' title='bbox 908 2374 1091 2462; x_wconf 81' lang='lat' dir='ltr'><strong><em>apologiam</em></strong></span> <span class='ocrx_word' id='word_1_149' title='bbox 1115 2375 1279 2464; x_wconf 83' lang='lat' dir='ltr'><strong><em>specimen</em></strong></span> <span class='ocrx_word' id='word_1_150' title='bbox 1301 2391 1392 2462; x_wconf 80' lang='lat' dir='ltr'><strong><em>prae·</em></strong></span> 
     </span>
     <span class='ocr_line' id='line_1_20' title="bbox 288 2479 1393 2569; baseline -0.002 -19"><span class='ocrx_word' id='word_1_151' title='bbox 288 2485 365 2550; x_wconf 89' lang='lat' dir='ltr'><strong><em>bere</em></strong></span> <span class='ocrx_word' id='word_1_152' title='bbox 393 2479 542 2548; x_wconf 89' lang='lat' dir='ltr'><strong><em>dictionis</em></strong></span> <span class='ocrx_word' id='word_1_153' title='bbox 571 2480 683 2567; x_wconf 88' lang='lat' dir='ltr'><strong><em>procul</em></strong></span> <span class='ocrx_word' id='word_1_154' title='bbox 712 2480 858 2566; x_wconf 79' lang='lat' dir='ltr'><strong><em>epatris</em></strong></span> <span class='ocrx_word' id='word_1_155' title='bbox 881 2481 1045 2564; x_wconf 85' lang='lat' dir='ltr'><strong><em>excultae,</em></strong></span> <span class='ocrx_word' id='word_1_156' title='bbox 1075 2480 1229 2569; x_wconf 89' lang='lat' dir='ltr'><strong><em>simplicis</em></strong></span> <span class='ocrx_word' id='word_1_157' title='bbox 1252 2481 1393 2568; x_wconf 88' lang='lat' dir='ltr'><strong><em>quidem,</em></strong></span> 
     </span>
     <span class='ocr_line' id='line_1_21' title="bbox 289 2585 1393 2674; baseline 0 -20"><span class='ocrx_word' id='word_1_158' title='bbox 289 2589 346 2654; x_wconf 89' lang='lat' dir='ltr'><strong><em>sed</em></strong></span> <span class='ocrx_word' id='word_1_159' title='bbox 381 2589 516 2654; x_wconf 87' lang='lat' dir='ltr'><strong><em>affectae</em></strong></span> <span class='ocrx_word' id='word_1_160' title='bbox 551 2587 615 2652; x_wconf 89' lang='lat' dir='ltr'><strong><em>iam</em></strong></span> <span class='ocrx_word' id='word_1_161' title='bbox 648 2585 807 2673; x_wconf 86' lang='lat' dir='ltr'><strong><em>pravitate</em></strong></span> <span class='ocrx_word' id='word_1_162' title='bbox 842 2586 1034 2673; x_wconf 86' lang='lat' dir='ltr'><strong><em>scriptorum</em></strong></span> <span class='ocrx_word' id='word_1_163' title='bbox 1069 2587 1255 2654; x_wconf 88' lang='lat' dir='ltr'><strong><em>Africorum</em></strong></span> <span class='ocrx_word' id='word_1_164' title='bbox 1288 2588 1393 2674; x_wconf 87' lang='lat' dir='ltr'><strong><em>magis</em></strong></span> 
     </span>
     <span class='ocr_line' id='line_1_22' title="bbox 288 2691 1392 2781; baseline -0.002 -21"><span class='ocrx_word' id='word_1_165' title='bbox 288 2694 456 2781; x_wconf 85' lang='lat' dir='ltr'><strong><em>magisque</em></strong></span> <span class='ocrx_word' id='word_1_166' title='bbox 478 2693 753 2779; x_wconf 87' lang='lat' dir='ltr'><strong><em>percrebescente,</em></strong></span> <span class='ocrx_word' id='word_1_167' title='bbox 776 2691 1077 2780; x_wconf 87' lang='lat' dir='ltr'><strong><em>metamorphoseon</em></strong></span> <span class='ocrx_word' id='word_1_168' title='bbox 1100 2702 1207 2759; x_wconf 88' lang='lat' dir='ltr'><strong><em>autem</em></strong></span> <span class='ocrx_word' id='word_1_169' title='bbox 1224 2693 1324 2759; x_wconf 88' lang='lat' dir='ltr'><strong><em>libros</em></strong></span> <span class='ocrx_word' id='word_1_170' title='bbox 1341 2714 1392 2758; x_wconf 91' lang='lat' dir='ltr'><strong><em>ce·</em></strong></span> 
     </span>
     <span class='ocr_line' id='line_1_23' title="bbox 288 2796 1392 2886; baseline 0 -22"><span class='ocrx_word' id='word_1_171' title='bbox 288 2809 421 2886; x_wconf 90' lang='lat' dir='ltr'><strong><em>teraque</em></strong></span> <span class='ocrx_word' id='word_1_172' title='bbox 450 2819 533 2884; x_wconf 88' lang='lat' dir='ltr'><strong><em>quae</em></strong></span> <span class='ocrx_word' id='word_1_173' title='bbox 557 2806 728 2884; x_wconf 88' lang='lat' dir='ltr'><strong><em>supersunt</em></strong></span> <span class='ocrx_word' id='word_1_174' title='bbox 750 2796 871 2884; x_wconf 86' lang='lat' dir='ltr'><strong><em>scripta</em></strong></span> <span class='ocrx_word' id='word_1_175' title='bbox 892 2834 938 2860; x_wconf 90' lang='lat'><strong><em>.-</em></strong></span> <span class='ocrx_word' id='word_1_176' title='bbox 959 2798 1104 2886; x_wconf 86' lang='lat' dir='ltr'><strong><em>exceptis</em></strong></span> <span class='ocrx_word' id='word_1_177' title='bbox 1128 2798 1205 2864; x_wconf 88' lang='lat' dir='ltr'><strong><em>solis</em></strong></span> <span class='ocrx_word' id='word_1_178' title='bbox 1227 2796 1392 2882; x_wconf 68' lang='lat' dir='ltr'><strong><em>‹flendis›,</em></strong></span> 
     </span>
     <span class='ocr_line' id='line_1_24' title="bbox 289 2901 1393 2992; baseline -0.003 -21"><span class='ocrx_word' id='word_1_179' title='bbox 289 2905 404 2992; x_wconf 90' lang='lat' dir='ltr'><strong><em>quibus</em></strong></span> <span class='ocrx_word' id='word_1_180' title='bbox 426 2912 558 2991; x_wconf 90' lang='lat' dir='ltr'><strong><em>propter</em></strong></span> <span class='ocrx_word' id='word_1_181' title='bbox 580 2902 707 2970; x_wconf 89' lang='lat' dir='ltr'><strong><em>dicendi</em></strong></span> <span class='ocrx_word' id='word_1_182' title='bbox 730 2925 833 2989; x_wconf 86' lang='lat' dir='ltr'><strong><em>genus</em></strong></span> <span class='ocrx_word' id='word_1_183' title='bbox 853 2901 995 2968; x_wconf 91' lang='lat' dir='ltr'><strong><em>medium</em></strong></span> <span class='ocrx_word' id='word_1_184' title='bbox 1011 2904 1172 2990; x_wconf 87' lang='lat' dir='ltr'><strong><em>quendam</em></strong></span> <span class='ocrx_word' id='word_1_185' title='bbox 1187 2905 1295 2970; x_wconf 88' lang='lat' dir='ltr'><strong><em>locum</em></strong></span> <span class='ocrx_word' id='word_1_186' title='bbox 1310 2904 1393 2970; x_wconf 89' lang='lat' dir='ltr'><strong><em>assi-</em></strong></span> 
     </span>
     <span class='ocr_line' id='line_1_25' title="bbox 288 3006 1393 3097; baseline -0.002 -21"><span class='ocrx_word' id='word_1_187' title='bbox 288 3031 389 3097; x_wconf 84' lang='lat' dir='ltr'><strong><em>gnare</em></strong></span> <span class='ocrx_word' id='word_1_188' title='bbox 410 3009 517 3096; x_wconf 87' lang='lat' dir='ltr'><strong><em>placet</em></strong></span> <span class='ocrx_word' id='word_1_189' title='bbox 544 3045 590 3054; x_wconf 89' lang='lat'><strong><em>—-</em></strong></span> <span class='ocrx_word' id='word_1_190' title='bbox 615 3006 789 3094; x_wconf 88' lang='lat' dir='ltr'><strong><em>Apuleium</em></strong></span> <span class='ocrx_word' id='word_1_191' title='bbox 818 3007 1048 3095; x_wconf 75' lang='lat' dir='ltr'><strong><em>conscripsisse</em></strong></span> <span class='ocrx_word' id='word_1_192' title='bbox 1076 3018 1182 3078; x_wconf 88' lang='lat' dir='ltr'><strong><em>aetate</em></strong></span> <span class='ocrx_word' id='word_1_193' title='bbox 1204 3017 1393 3097; x_wconf 88' lang='lat' dir='ltr'><strong><em>provectum</em></strong></span> 
     </span>
     <span class='ocr_line' id='line_1_26' title="bbox 287 3112 1392 3202; baseline -0.001 -22"><span class='ocrx_word' id='word_1_194' title='bbox 287 3115 416 3202; x_wconf 89' lang='lat' dir='ltr'><strong><em>iamque</em></strong></span> <span class='ocrx_word' id='word_1_195' title='bbox 446 3135 598 3202; x_wconf 88' lang='lat' dir='ltr'><strong><em>perverso</em></strong></span> <span class='ocrx_word' id='word_1_196' title='bbox 621 3112 777 3178; x_wconf 82' lang='lat' dir='ltr'><strong><em>Afrorum</em></strong></span> <span class='ocrx_word' id='word_1_197' title='bbox 805 3113 846 3178; x_wconf 91' lang='lat' dir='ltr'><strong><em>de</em></strong></span> <span class='ocrx_word' id='word_1_198' title='bbox 874 3113 1053 3180; x_wconf 83' lang='lat' dir='ltr'><strong><em>imitatione</em></strong></span> <span class='ocrx_word' id='word_1_199' title='bbox 1081 3115 1201 3182; x_wconf 88' lang='lat' dir='ltr'><strong><em>iudicio</em></strong></span> <span class='ocrx_word' id='word_1_200' title='bbox 1223 3114 1269 3180; x_wconf 90' lang='lat' dir='ltr'><strong><em>ita</em></strong></span> <span class='ocrx_word' id='word_1_201' title='bbox 1290 3114 1392 3182; x_wconf 87' lang='lat' dir='ltr'><strong><em>imbu-</em></strong></span> 
     </span>
     <span class='ocr_line' id='line_1_27' title="bbox 287 3221 1394 3304; baseline 0.002 -18"><span class='ocrx_word' id='word_1_202' title='bbox 287 3229 366 3302; x_wconf 89' lang='lat' dir='ltr'><strong><em>tum,</em></strong></span> <span class='ocrx_word' id='word_1_203' title='bbox 390 3228 428 3284; x_wconf 87' lang='lat' dir='ltr'><strong><em>ut</em></strong></span> <span class='ocrx_word' id='word_1_204' title='bbox 445 3221 546 3284; x_wconf 81' lang='lat' dir='ltr'><strong><em>‹modo</em></strong></span> <span class='ocrx_word' id='word_1_205' title='bbox 561 3239 628 3284; x_wconf 83' lang='lat' dir='ltr'><strong><em>corn</em></strong></span> <span class='ocrx_word' id='word_1_206' title='bbox 645 3221 797 3301; x_wconf 64' lang='lat' dir='ltr'><strong><em>(licam,</em></strong></span> <span class='ocrx_word' id='word_1_207' title='bbox 823 3221 965 3303; x_wconf 76' lang='lat' dir='ltr'><strong><em>Consors,</em></strong></span> <span class='ocrx_word' id='word_1_208' title='bbox 987 3222 1394 3304; x_wconf 61' lang='lat' dir='ltr'><strong><em>&amp;aestuosissimis</em></strong></span> 
     </span>
     <span class='ocr_line' id='line_1_28' title="bbox 287 3323 1393 3412; baseline 0.001 -22"><span class='ocrx_word' id='word_1_209' title='bbox 287 3347 355 3390; x_wconf 82' lang='lat' dir='ltr'><strong><em>cam</em></strong></span> <span class='ocrx_word' id='word_1_210' title='bbox 369 3326 512 3388; x_wconf 60' lang='lat' dir='ltr'><strong><em>&amp;cadri</em></strong></span> <span class='ocrx_word' id='word_1_211' title='bbox 532 3330 630 3389; x_wconf 84' lang='lat' dir='ltr'><strong><em>moire</em></strong></span> <span class='ocrx_word' id='word_1_212' title='bbox 652 3327 921 3408; x_wconf 67' lang='lat' dir='ltr'><strong><em>spectaretur&gt;</em></strong></span> <span class='ocrx_word' id='word_1_213' title='bbox 944 3323 1000 3412; x_wconf 87' lang='lat' dir='ltr'><strong><em>(cf.</em></strong></span> <span class='ocrx_word' id='word_1_214' title='bbox 1017 3328 1173 3392; x_wconf 78' lang='lat' dir='ltr'><strong><em>Ruhnken.</em></strong></span> <span class='ocrx_word' id='word_1_215' title='bbox 1197 3329 1217 3390; x_wconf 88' lang='lat' dir='ltr'><strong><em>I.</em></strong></span> <span class='ocrx_word' id='word_1_216' title='bbox 1241 3330 1270 3391; x_wconf 84' lang='lat' dir='ltr'><strong><em>d.</em></strong></span> <span class='ocrx_word' id='word_1_217' title='bbox 1287 3350 1322 3410; x_wconf 88' lang='lat' dir='ltr'><strong><em>p.</em></strong></span> <span class='ocrx_word' id='word_1_218' title='bbox 1338 3325 1393 3412; x_wconf 80' lang='lat' dir='ltr'><em>I)‘?</em></span> 
     </span>
    </p>

    <p class='ocr_par' dir='ltr' id='par_1_4' title="bbox 286 3427 1392 4258">
     <span class='ocr_line' id='line_1_29' title="bbox 376 3427 1390 3518; baseline 0.005 -26"><span class='ocrx_word' id='word_1_219' title='bbox 376 3428 450 3492; x_wconf 90' lang='lat' dir='ltr'><strong><em>Hoc</em></strong></span> <span class='ocrx_word' id='word_1_220' title='bbox 481 3427 591 3493; x_wconf 89' lang='lat' dir='ltr'><strong><em>ordine</em></strong></span> <span class='ocrx_word' id='word_1_221' title='bbox 614 3428 642 3494; x_wconf 90' lang='lat' dir='ltr'><strong><em>si</em></strong></span> <span class='ocrx_word' id='word_1_222' title='bbox 663 3429 784 3516; x_wconf 90' lang='lat' dir='ltr'><strong><em>Apulei</em></strong></span> <span class='ocrx_word' id='word_1_223' title='bbox 807 3430 927 3518; x_wconf 85' lang='lat' dir='ltr'><strong><em>scripta</em></strong></span> <span class='ocrx_word' id='word_1_224' title='bbox 948 3439 1038 3496; x_wconf 90' lang='lat' dir='ltr'><strong><em>recte</em></strong></span> <span class='ocrx_word' id='word_1_225' title='bbox 1059 3431 1202 3517; x_wconf 88' lang='lat' dir='ltr'><strong><em>disposui</em></strong></span> <span class='ocrx_word' id='word_1_226' title='bbox 1224 3467 1269 3478; x_wconf 91' lang='lat'>—</span> <span class='ocrx_word' id='word_1_227' title='bbox 1291 3440 1390 3497; x_wconf 84' lang='lat' dir='ltr'><strong><em>meta-</em></strong></span> 
     </span>
     <span class='ocr_line' id='line_1_30' title="bbox 288 3531 1392 3625; baseline 0.004 -29"><span class='ocrx_word' id='word_1_228' title='bbox 288 3531 502 3618; x_wconf 85' lang='lat' dir='ltr'><strong><em>morphoseon</em></strong></span> <span class='ocrx_word' id='word_1_229' title='bbox 535 3540 643 3600; x_wconf 88' lang='lat' dir='ltr'><strong><em>autem</em></strong></span> <span class='ocrx_word' id='word_1_230' title='bbox 676 3534 775 3600; x_wconf 86' lang='lat' dir='ltr'><strong><em>libros</em></strong></span> <span class='ocrx_word' id='word_1_231' title='bbox 808 3545 882 3623; x_wconf 89' lang='lat' dir='ltr'><strong><em>post</em></strong></span> <span class='ocrx_word' id='word_1_232' title='bbox 915 3535 1100 3625; x_wconf 88' lang='lat' dir='ltr'><strong><em>apologiam</em></strong></span> <span class='ocrx_word' id='word_1_233' title='bbox 1138 3535 1276 3623; x_wconf 88' lang='lat' dir='ltr'><strong><em>scriptos</em></strong></span> <span class='ocrx_word' id='word_1_234' title='bbox 1310 3557 1392 3620; x_wconf 90' lang='lat' dir='ltr'><strong><em>esse,</em></strong></span> 
     </span>
     <span class='ocr_line' id='line_1_31' title="bbox 288 3635 1392 3730; baseline 0.007 -28"><span class='ocrx_word' id='word_1_235' title='bbox 288 3635 449 3704; x_wconf 89' lang='lat' dir='ltr'><strong><em>silentium</em></strong></span> <span class='ocrx_word' id='word_1_236' title='bbox 477 3659 605 3725; x_wconf 90' lang='lat' dir='ltr'><strong><em>quoque</em></strong></span> <span class='ocrx_word' id='word_1_237' title='bbox 628 3649 850 3708; x_wconf 86' lang='lat' dir='ltr'><strong><em>accusatorum</em></strong></span> <span class='ocrx_word' id='word_1_238' title='bbox 874 3641 913 3708; x_wconf 93' lang='lat' dir='ltr'><strong><em>de</em></strong></span> <span class='ocrx_word' id='word_1_239' title='bbox 936 3642 985 3707; x_wconf 88' lang='lat' dir='ltr'><strong><em>his</em></strong></span> <span class='ocrx_word' id='word_1_240' title='bbox 1007 3642 1098 3708; x_wconf 88' lang='lat' dir='ltr'><strong><em>libris</em></strong></span> <span class='ocrx_word' id='word_1_241' title='bbox 1120 3663 1229 3707; x_wconf 88' lang='lat' dir='ltr'><strong><em>rerum</em></strong></span> <span class='ocrx_word' id='word_1_242' title='bbox 1251 3641 1392 3730; x_wconf 88' lang='lat' dir='ltr'><strong><em>magica·</em></strong></span> 
     </span>
     <span class='ocr_line' id='line_1_32' title="bbox 287 3742 1392 3837; baseline 0.005 -27"><span class='ocrx_word' id='word_1_243' title='bbox 287 3766 359 3810; x_wconf 86' lang='lat' dir='ltr'><strong><em>rum</em></strong></span> <span class='ocrx_word' id='word_1_244' title='bbox 381 3742 575 3831; x_wconf 89' lang='lat' dir='ltr'><strong><em>plenissimis</em></strong></span> <span class='ocrx_word' id='word_1_245' title='bbox 597 3747 671 3812; x_wconf 93' lang='lat' dir='ltr'><strong><em>luce</em></strong></span> <span class='ocrx_word' id='word_1_246' title='bbox 694 3747 822 3830; x_wconf 88' lang='lat' dir='ltr'><strong><em>clarius,</em></strong></span> <span class='ocrx_word' id='word_1_247' title='bbox 847 3747 970 3836; x_wconf 89' lang='lat' dir='ltr'><strong><em>opinor,</em></strong></span> <span class='ocrx_word' id='word_1_248' title='bbox 995 3747 1194 3814; x_wconf 89' lang='lat' dir='ltr'><strong><em>demonstrat</em></strong></span> <span class='ocrx_word' id='word_1_249' title='bbox 1215 3771 1275 3813; x_wconf 75' lang='grc' dir='ltr'><strong><em>-ε</em></strong></span> <span class='ocrx_word' id='word_1_250' title='bbox 1302 3748 1392 3837; x_wconf 89' lang='lat' dir='ltr'><strong><em>Apu·</em></strong></span> 
     </span>
     <span class='ocr_line' id='line_1_33' title="bbox 287 3849 1392 3942; baseline 0.005 -28"><span class='ocrx_word' id='word_1_251' title='bbox 287 3849 330 3914; x_wconf 93' lang='lat' dir='ltr'><strong><em>lei</em></strong></span> <span class='ocrx_word' id='word_1_252' title='bbox 362 3849 481 3937; x_wconf 85' lang='lat' dir='ltr'><strong><em>scripta</em></strong></span> <span class='ocrx_word' id='word_1_253' title='bbox 508 3860 642 3938; x_wconf 89' lang='lat' dir='ltr'><strong><em>apparet</em></strong></span> <span class='ocrx_word' id='word_1_254' title='bbox 669 3851 796 3939; x_wconf 90' lang='lat' dir='ltr'><strong><em>insigne</em></strong></span> <span class='ocrx_word' id='word_1_255' title='bbox 825 3851 1010 3940; x_wconf 85' lang='lat' dir='ltr'><strong><em>exemplum</em></strong></span> <span class='ocrx_word' id='word_1_256' title='bbox 1038 3873 1109 3920; x_wconf 88' lang='lat' dir='ltr'><strong><em>esse</em></strong></span> <span class='ocrx_word' id='word_1_257' title='bbox 1137 3853 1392 3942; x_wconf 77' lang='lat' dir='ltr'><strong><em>ingravescentis</em></strong></span> 
     </span>
     <span class='ocr_line' id='line_1_34' title="bbox 288 3953 1392 4045; baseline 0.007 -27"><span class='ocrx_word' id='word_1_258' title='bbox 288 3953 436 4019; x_wconf 88' lang='lat' dir='ltr'><strong><em>dictionis</em></strong></span> <span class='ocrx_word' id='word_1_259' title='bbox 459 3953 601 4036; x_wconf 84' lang='lat' dir='ltr'><strong><em>Africae,</em></strong></span> <span class='ocrx_word' id='word_1_260' title='bbox 626 3957 772 4023; x_wconf 82' lang='lat' dir='ltr'><strong><em>adhunc</em></strong></span> <span class='ocrx_word' id='word_1_261' title='bbox 796 3967 903 4024; x_wconf 87' lang='lat' dir='ltr'><strong><em>autem</em></strong></span> <span class='ocrx_word' id='word_1_262' title='bbox 926 3958 1032 4045; x_wconf 85' lang='lat' dir='ltr'><strong><em>quoad</em></strong></span> <span class='ocrx_word' id='word_1_263' title='bbox 1052 3958 1277 4028; x_wconf 87' lang='lat' dir='ltr'><strong><em>Madaurensis</em></strong></span> <span class='ocrx_word' id='word_1_264' title='bbox 1300 3981 1392 4026; x_wconf 87' lang='lat' dir='ltr'><strong><em>suum</em></strong></span> 
     </span>
     <span class='ocr_line' id='line_1_35' title="bbox 288 4058 1391 4153; baseline 0.006 -30"><span class='ocrx_word' id='word_1_265' title='bbox 288 4058 448 4124; x_wconf 86' lang='lat' dir='ltr'><strong><em>scribendi</em></strong></span> <span class='ocrx_word' id='word_1_266' title='bbox 470 4083 573 4146; x_wconf 86' lang='lat' dir='ltr'><strong><em>genus</em></strong></span> <span class='ocrx_word' id='word_1_267' title='bbox 590 4062 756 4150; x_wconf 85' lang='lat' dir='ltr'><strong><em>paullatim</em></strong></span> <span class='ocrx_word' id='word_1_268' title='bbox 774 4063 1078 4150; x_wconf 87' lang='lat' dir='ltr'><strong><em>accommodaverit,</em></strong></span> <span class='ocrx_word' id='word_1_269' title='bbox 1102 4065 1301 4153; x_wconf 82' lang='lat' dir='ltr'><strong><em>explicaturo</em></strong></span> <span class='ocrx_word' id='word_1_270' title='bbox 1318 4087 1391 4152; x_wconf 91' lang='lat' dir='ltr'><strong><em>pro-</em></strong></span> 
     </span>
     <span class='ocr_line' id='line_1_36' title="bbox 286 4163 929 4258; baseline 0.012 -31"><span class='ocrx_word' id='word_1_271' title='bbox 286 4163 496 4230; x_wconf 86' lang='lat' dir='ltr'><strong><em>ficiscendum</em></strong></span> <span class='ocrx_word' id='word_1_272' title='bbox 519 4187 590 4232; x_wconf 89' lang='lat' dir='ltr'><strong><em>esse</em></strong></span> <span class='ocrx_word' id='word_1_273' title='bbox 612 4169 653 4232; x_wconf 86' lang='lat' dir='ltr'><strong><em>ah</em></strong></span> <span class='ocrx_word' id='word_1_274' title='bbox 677 4168 745 4234; x_wconf 90' lang='lat' dir='ltr'><strong><em>eius</em></strong></span> <span class='ocrx_word' id='word_1_275' title='bbox 769 4168 929 4258; x_wconf 89' lang='lat' dir='ltr'><strong><em>apologia.</em></strong></span> 
     </span>
    </p>
   </div>
   <div class='ocr_carea' id='block_1_3' title="bbox 0 0 1625 5026">
    <p class='ocr_par' dir='ltr' id='par_1_5' title="bbox 0 0 1625 5026">
     <span class='ocr_line' id='line_1_37' title="bbox 0 0 1625 5026; baseline 0 0"><span class='ocrx_word' id='word_1_276' title='bbox 0 0 1625 5026; x_wconf 95' lang='lat' dir='ltr'><strong><em> </em></strong></span> 
     </span>
    </p>
   </div>
  </div>
 </body>
</html>
