3226 5026
178 466 180 471 ’
293 455 335 518 24
559 461 561 464 ’
632 446 662 498 L.
681 441 804 497 ervum
816 439 1053 495 minduniensis
1181 519 1184 524 ¹

152 544 168 586 f.
178 543 240 584 tuln.
255 542 315 584 cun
1311 529 1354 569 m·
1371 527 1475 573 0an

294 607 354 670 duc
380 605 459 668 soles
488 602 604 665 aemula
619 599 809 662 similitudine
834 594 977 660 uisuntur.
1018 596 1074 659 alin
1098 603 1247 678 praetereo
1269 595 1402 658 eiusdem
1416 611 1474 666 (ne)

294 709 376 773 modi
390 706 525 788 plurima,
548 723 621 786 quae
635 709 741 766 tractat
761 702 912 782 uolumine
932 701 1044 782 ingenti
1064 699 1255 762 Arcbimdes
1278 699 1405 778 Syracu-

297 827 397 884 sanus,
411 809 503 872 uirin
518 809 600 870 omni
615 807 733 887 quidem
749 804 909 885 geometria
923 804 1052 865 multum
1067 810 1134 864 ante
1154 803 1226 866 alios
1247 800 1404 864 admirabi-

293 916 329 977 lis
354 912 526 985 subtilitate,
552 911 603 972 sed
622 909 701 971 haud
726 908 816 990 sciam
842 926 880 968 an
900 913 1021 987 propter
1045 907 1102 968 hoc
1123 906 1174 967 uel
1193 905 1319 967 maxime
1339 923 1404 964 rne-

295 1015 466 1087 morandus,
483 1013 562 1094 quod
576 1014 742 1093 inspexerat
757 1011 911 1090 speculum
926 1028 1012 1089 saepe
1027 1028 1060 1070 ac
1076 1007 1237 1088 diligenter.
1267 1025 1356 1088 quem
1370 1015 1403 1068 tu
1420 1017 1434 1068 5
1460 1013 1463 1018 “

295 1109 413 1192 librum,
429 1116 597 1191 Aemiliane,
615 1115 639 1177 si
653 1130 758 1176 nosses
774 1131 807 1173 ao
820 1130 882 1174 non
896 1112 986 1172 modo
1008 1098 1113 1193 campb
1135 1118 1164 1172 et
1178 1111 1278 1190 glebis,
1298 1128 1404 1172 uerum

295 1221 383 1282 etiam
398 1219 487 1280 abaco
508 1225 537 1280 et
550 1217 715 1298 puluisculo
730 1223 760 1277 te
774 1216 915 1289 dedisses,
935 1215 1009 1276 mibi
1026 1213 1106 1276 istud
1119 1214 1215 1287 crede,
1237 1219 1416 1292 quanquam*
1456 1239 1473 1264 r

295 1322 479 1384 teterrimum
501 1341 534 1382 os
554 1328 640 1382 tuum
660 1319 817 1380 minimum
832 1337 848 1378 a
863 1319 990 1398 Thyesta
1008 1317 1119 1396 tragico
1140 1311 1286 1395 demutet,
1306 1323 1405 1376 tamon

295 1425 428 1507 profecto
444 1423 573 1486 discendi
586 1421 724 1502 cupidine
738 1421 890 1503 speculum
905 1420 1059 1494 inuiseres,
1077 1425 1109 1482 et
1127 1419 1282 1500 aliquando
1300 1418 1401 1480 relicto
1418 1431 1475 1484 (uc)

296 1535 392 1590 aratro
408 1525 549 1588 mirarere
562 1531 607 1585 tot
620 1525 652 1586 in
666 1525 738 1586 facie
752 1533 803 1586 tua
818 1524 916 1584 sulcos
931 1541 1080 1602 rugarum.
1397 1566 1400 1574 ,
1422 1532 1453 1584 10

381 1629 419 1690 At
432 1647 492 1708 ego
513 1645 575 1690 non
589 1629 694 1702 mirer,
714 1629 740 1688 si
759 1626 830 1688 boni
850 1626 979 1687 consulis
1000 1644 1048 1686 me
1067 1625 1105 1687 de
1123 1625 1180 1687 isto
1196 1622 1406 1686 distortissimo

156 1756 235 1799 cios..
243 1734 383 1799 cmuultu
396 1738 447 1794 tuo
460 1733 564 1805 dicere,
580 1731 617 1791 de
631 1729 764 1792 moribus
783 1730 842 1790 tuis
853 1730 947 1791 multo
960 1735 1046 1790 trucu
1055 1725 1076 1813 111
1089 1727 1263 1790 lentioribus
1276 1725 1404 1788 reticere.

296 1837 335 1898 tta
348 1853 396 1896 res
411 1841 470 1894 est:
486 1840 601 1914 praeter
615 1832 694 1912 quod
705 1850 767 1893 non
783 1851 850 1892 sum
866 1831 1023 1911 iurgiosus,
1038 1833 1126 1896 etiam
1139 1831 1301 1893 libenterte
1312 1845 1406 1908 nuper
1436 1905 1438 1910 ,

297 1955 391 2016 usque
406 1936 489 1996 albus
503 1941 618 1998 anteter
631 1953 711 1996 esses
726 1934 859 2014 ignoratn
879 1942 908 1995 et
928 1935 1023 1998 adbuc
1041 1937 1138 2000 hercle
1157 1937 1303 2000 nonsatis
1322 1936 1404 1998 noui.

297 2040 327 2100 id
339 2029 408 2098 ideo
423 2039 542 2112 factum,
558 2038 637 2118 quod
652 2043 680 2098 et
693 2045 727 2098 tn
741 2036 908 2098 rusticando
925 2037 1070 2100 obsctnus
1090 2057 1121 2100 es
1142 2045 1171 2100 et
1190 2058 1244 2119 ego
1264 2039 1404 2101 discemo
1423 2049 1454 2098 15

298 2147 468 2221 occupatus.
499 2141 540 2202 ita
560 2148 589 2202 et
608 2141 660 2202 tibi
680 2140 785 2202 umbra
803 2140 992 2220 ignobilitatis
1013 2159 1030 2201 a
1049 2143 1207 2222 probatore
1226 2142 1349 2215 obstitit,
1376 2149 1405 2203 ot
1418 2161 1476 2216 (ue

299 2263 353 2326 ego
367 2262 520 2324 nunquam
540 2243 640 2305 studui
654 2245 730 2304 male
744 2244 820 2306 facta
834 2243 1007 2323 cuiusquam
1017 2262 1206 2323 cognoscere,
1222 2245 1276 2306 sed
1288 2263 1407 2324 semper

299 2347 397 2429 potins
413 2346 482 2408 duxi
496 2365 563 2408 mea
582 2353 700 2426 peccata
719 2354 817 2426 tegere
838 2365 926 2426 (paam
948 2346 1041 2408 aliena
1063 2346 1209 2426 indagare.
1232 2347 1329 2427 igitur
1348 2349 1406 2410 hoc

262 2458 278 2502 V
299 2450 371 2512 mibi
386 2450 544 2510 aduersum
558 2456 587 2510 te
602 2468 659 2512 usn
673 2450 764 2524 uenit,
780 2449 860 2531 quod
875 2449 925 2528 qui
939 2450 1016 2511 forte
1031 2449 1162 2512 constitit
1176 2450 1207 2511 in
1218 2450 1282 2511 loco
1294 2450 1405 2512 lumine

298 2553 479 2615 conlustrato
496 2559 582 2632 atque
597 2571 666 2613 eum
681 2554 753 2615 ulter
768 2572 784 2614 e
798 2551 925 2614 tenebris
940 2559 1117 2632 prospectat.
1142 2571 1211 2614 narn
1226 2553 1262 2614 ad
1277 2552 1402 2614 eundem
1421 2563 1453 2614 20

298 2656 422 2718 modurn
436 2660 470 2714 tn
485 2643 603 2734 quidem
619 2654 688 2734 quid
709 2673 762 2734 ego
782 2655 814 2717 in
833 2655 989 2735 propatulo
1010 2662 1039 2716 et
1053 2656 1159 2717 celebri
1179 2675 1273 2737 agam,
1293 2656 1405 2718 facilee

297 2756 426 2819 tenebris
439 2755 498 2816 tuis
513 2756 671 2830 arbitraris,
687 2775 756 2820 cum
770 2758 834 2840 ipse
847 2757 1010 2822 humilitate
1024 2759 1139 2822 abditus
1157 2766 1186 2822 et
1205 2761 1331 2840 lucifuga
1344 2777 1406 2821 non

299 2859 340 2922 sis
355 2857 427 2946 mibi
441 2865 546 2920 mutuo
560 2859 748 2940 conspicuus.
871 2863 873 2866 ’
1020 2867 1021 2872 ’

318 3133 435 3186 illustr.
453 3131 512 3184 ohil.
530 3133 668 3184 11111457.

368 3397 380 3446 1
399 3396 462 3446 duos
479 3394 536 3477 Εφ,
554 3395 602 3449 duo
623 3409 641 3447 v
667 3394 672 3464 Ι
697 3404 832 3463 praetereo
853 3399 958 3467 scripsi:
979 3404 1099 3466 preterea
1118 3397 1182 3468 va
1208 3397 1213 3466 Ι
1239 3401 1349 3452 ei..dem
1370 3397 1404 3452 Fe

299 3528 451 3580 eiuscemodi
463 3527 606 3598 &epletius
627 3527 638 3598 ΙΙ
661 3489 880 3602 tarcumeuo⁵p
906 3531 911 3602 Ι
935 3533 1103 3585 siracusanus
1114 3534 1159 3604 up
1178 3531 1183 3601 Ι
1202 3537 1263 3602 (paiz
1274 3537 1403 3601 margine:

299 3663 463 3728 crcbimedesi
489 3662 589 3716 Laudes
605 3665 763 3718 Archimedis
775 3668 928 3719 'sirucnscni
950 3668 973 3721 V
990 3672 1160 3736 tetmorga'no:
1175 3633 1330 3722 arcblibedes
1354 3667 1366 3738 ll
1388 3672 1405 3722 4

297 3745 526 3868 bbbd(mnm)‹p
540 3797 556 3868 1
583 3801 673 3853 baccv
697 3800 707 3870 ΙΙ
732 3800 851 3864 631ch
880 3801 891 3871 ΙΙ
912 3769 1134 3873 ‘t'quemquamv
1157 3802 1168 3873 ll
1193 3805 1317 3856 8tbicsta
1329 3803 1403 3874 Faepvz

299 3881 402 3950 lbyudc
419 3882 599 3934 Bourdolotim
619 3880 630 3951 ΙΙ
653 3883 681 3934 11
705 3885 823 3935 consules
836 3881 980 3937 Senonum
1003 3884 1014 3954 ΙΙ
1040 3887 1071 3938 13
1088 3886 1124 3936 itu
1141 3885 1260 3938 munim
1273 3901 1303 3937 ea
1315 3887 1377 3956 ltpv
1402 3883 1405 3949 Ι

297 3959 444 4029 pupud,
460 3965 660 4034 preterquodtp
686 3964 691 4031 Ι
717 3965 980 4018 curiosusAoidoltcs
1003 3965 1013 4034 ΙΙ
1039 3968 1070 4018 14
1082 3975 1109 4018 et
1121 3983 1171 4020 ono
1183 3983 1212 4020 v:
1229 3968 1275 4039 {V
1292 3971 1319 4019 ia
1335 3982 1405 4021 mar·

295 4046 358 4110 gine
384 4042 388 4110 1
415 4045 483 4095 ercle
496 4043 540 4113 up
564 4043 574 4112 11
600 4045 700 4096 loideo
713 4049 815 4114 scripsi:
829 4049 892 4099 adeo
905 4047 974 4117 FtpV
998 4046 1008 4116 ΙΙ
1034 4047 1064 4098 16
1075 4049 1240 4115 opprobatori
1253 4049 1404 4114 Vulcanius,

297 4123 330 4174 eb
343 4124 511 4190 approbatore
525 4123 639 4191 (11011111,
652 4127 806 4193 approbator
817 4130 857 4182 cel
867 4129 1022 4197 opprobator
1034 4129 1168 4182 Aoidoltm
1191 4129 1201 4198 ΙΙ
1227 4133 1258 4184 19
1270 4131 1376 4182 micbill
1397 4128 1406 4197 11

299 4203 332 4256 ²²
343 4205 477 4257 ”mm
488 4209 550 4274 i'ill'
561 4221 643 4276 witra
652 4223 704 4262 sor.
717 4225 733 4260 a
744 4226 823 4262 macen
833 4227 874 4280 pr.
903 4210 907 4278 Ι
938 4209 1038 4264 abditus
1052 4209 1231 4264 Caecubonus:
1244 4211 1330 4266 abdita
1342 4210 1405 4280 va

297 4281 306 4352 l
331 4285 449 4338 23mi⁰ffi
461 4287 490 4352 F,
503 4287 793 4364 mihiiupmprascre
812 4289 829 4364 fl.
1230 4314 1234 4322 ,
