3232 5028
292 413 334 480 06
637 402 802 462 naevum
814 402 1051 460 llAlJAVllllllSlS

139 499 155 540 r.
166 499 224 538 reon.
240 497 313 540 raca.
1304 485 1346 530 ne.
1363 487 1470 530 oudone.

218 573 274 630 LVl
375 565 518 628 Etiamne
529 563 666 643 cuiquam
681 559 791 623 mireum
810 557 904 622 uideri
925 565 1033 641 potest,
1056 557 1103 621 cui
1118 559 1156 620 sit
1175 557 1234 619 ulla
1247 556 1397 620 ‘memoria
1504 597 1507 601 -
1604 579 1606 602 ι

289 667 447 748 religionis,
462 667 615 729 hominem
629 671 675 727 tot
689 663 840 745 mysteriis¹
850 663 938 724 deum
960 663 1113 723 conscium
1133 661 1277 741 quaedam
1297 677 1398 724 saero-

289 787 356 832 mm
371 769 530 849 crepundia
544 767 625 829 domi
637 768 802 840 adseruare,
819 771 905 845 atque
916 783 950 825 ea
961 763 1037 826 lineo
1048 771 1128 826 texto
1140 763 1303 839 inuoluere,
1319 763 1399 843 quod

288 871 482 951 purissimum
497 876 542 932 est
556 869 645 932 rebus
661 868 768 930 diuinis
783 861 1008 929 uelamentum?
1023 866 1132 946 quippe
1143 867 1218 942 lana,
1231 864 1400 945 segnissimi

185 992 201 1030 e.
213 989 275 1032 aree.
290 973 424 1054 corporis
439 976 669 1045 excrementum,
683 971 782 1052 pecori
798 971 935 1045 detracta,
955 970 1014 1031 iam
1032 969 1100 1030 inde
1129 963 1141 1054 ΙΙ
1169 967 1278 1048 Orphei
1298 974 1327 1029 et
1340 965 1399 1050 Py-
1421 977 1437 1026 a

288 1075 427 1154 thagorae
453 1073 533 1134 scitis
560 1074 703 1155 profanus
729 1073 855 1135 uestitus
875 1077 928 1159 est.
964 1071 1115 1134 sedenim
1135 1070 1333 1132 mundissima
1347 1069 1399 1132 lini

289 1193 372 1255 seges
383 1177 460 1237 inter
471 1183 608 1256 optumas
619 1175 719 1256 fruges
733 1183 812 1238 terra
826 1183 928 1239 exorta
937 1192 1000 1237 non
1011 1174 1101 1236 modo
1114 1172 1230 1235 indutui
1241 1179 1270 1234 et
1282 1173 1400 1234 amictui

289 1277 482 1340 sanctissimis
500 1278 710 1360 Aegyptiorum
729 1278 940 1352 sacerdotibus,
961 1277 1012 1340 sed
1034 1275 1149 1357 opertui
1175 1292 1293 1355 quoque
1311 1275 1399 1338 rebus

290 1379 380 1443 sacris
395 1387 564 1460 usurpatur.
1190 1376 1200 1440 ’.

355 1481 450 1561 Atque
461 1501 515 1561 ego
528 1481 599 1556 seio,
611 1483 772 1546 nonnullos
782 1489 811 1544 et
824 1496 892 1544 cum
903 1477 1206 1562 primislemllianum
1217 1479 1308 1539 istum
1319 1478 1398 1539 lace·
1421 1485 1454 1534 lo

288 1584 345 1654 tiae
356 1583 410 1645 sibi
419 1584 537 1660 habere,
549 1602 597 1646 res
607 1583 721 1646 diuinas
732 1581 872 1646 deridere.
893 1601 971 1658 nam,
981 1590 1015 1645 ut
1027 1581 1113 1644 audio
1126 1581 1232 1662 partim
1240 1579 1399 1642 Oeensium

291 1685 340 1766 qui
358 1687 447 1746 istum
466 1702 587 1759 nouere,
608 1684 681 1748 nulli
697 1685 752 1749 deo
770 1687 806 1749 ad
817 1690 890 1749 istoc
907 1685 971 1747 aeui
988 1683 1174 1766 supplicauit,
1189 1683 1304 1744 nullum
1321 1689 1399 1744 tem-

289 1787 371 1865 plum
382 1787 587 1865 fsequentauit,
597 1788 622 1848 si
633 1787 735 1849 lanum
747 1787 863 1867 aliquod
874 1791 1045 1868 praetereat,
1056 1785 1138 1848 nefas
1148 1785 1245 1860 habet,
1257 1783 1398 1846 adorandi
1413 1798 1473 1849 (⁵1⁹)

290 1888 381 1967 gratia
395 1905 516 1948 manum
532 1887 620 1950 labris
636 1890 804 1951 admouere.
840 1889 895 1950 iste
915 1907 987 1950 uero
1008 1905 1062 1951 nec
1082 1888 1126 1950 dis
1151 1883 1329 1970 ruratiolnis,
1349 1885 1400 1966 qul

290 1995 498 2070 compescunt
513 2007 546 2050 ac
560 1989 700 2065 uestiunt,
716 1991 822 2073 segetis
837 1991 910 2052 ullas
926 1997 976 2052 aut
990 1991 1059 2053 uitis
1081 1997 1130 2051 aut
1145 1989 1240 2069 gregis
1255 1987 1397 2070 primitias
1420 1999 1454 2050 re

289 2091 433 2174 impartit:
449 2093 565 2153 nullum
580 2090 611 2153 in
621 2093 690 2154 uilla
701 2094 763 2155 eius
775 2094 930 2155 delubrum
942 2093 1042 2166 sitnm,
1054 2091 1152 2154 nullus
1171 2091 1264 2170 [locus
1275 2089 1333 2168 aut]
1352 2089 1399 2151 lu-

290 2211 342 2256 cus
354 2200 551 2256 consecratus.
578 2200 607 2253 et
622 2194 690 2273 quid
706 2214 759 2275 ego
776 2195 811 2256 de
825 2195 892 2257 luco
908 2201 937 2257 et
951 2195 1072 2256 delubro
1087 2190 1217 2273 loquor?
1232 2197 1339 2272 negant
1352 2191 1399 2254 ui-

290 2295 368 2358 disse
383 2305 415 2358 'se
431 2296 577 2376 quiscere
592 2295 745 2359 infinibus
761 2299 823 2358 eius
839 2315 934 2358 unum
949 2297 1053 2358 saltem
1068 2303 1119 2357 ant
1134 2295 1260 2377 lapidem
1275 2301 1398 2357 unctum
1500 2331 1502 2334 .

285 2405 340 2458 aut
354 2415 470 2460 remum
492 2403 676 2461 coronatum.
706 2399 795 2479 igitur
815 2405 991 2480 agnomenta
1012 2397 1038 2459 ei
1060 2397 1119 2459 duo
1145 2395 1250 2460 indita:
1271 2397 1398 2471 Charon,

289 2506 323 2559 ut
337 2500 394 2561 iam
411 2501 478 2575 dlxi,
494 2500 532 2562 ob
548 2499 608 2563 oris
624 2508 653 2562 et
668 2501 757 2563 animi
772 2501 928 2575 diritatem,
944 2501 994 2563 sed
1010 2501 1145 2576 alterum,
1167 2500 1247 2580 quod
1261 2497 1397 2562 libentius
1419 2511 1453 2563 lo

309 2771 427 2824 choen.
445 2773 520 2837 Diog.
539 2773 601 2826 vlll
622 2775 668 2824 192
692 2761 773 2840 στολὴ
792 2768 816 2824 d’
837 2767 902 2840 αὐτῷ
926 2771 1107 2842 (Pythagorae)
1125 2761 1211 2838 λευκή,
1236 2759 1344 2839 rutupi,

343 2853 384 2956 καί
401 2843 534 2952 στξυῖματα
552 2842 627 2909 leuari
645 2855 675 2926 ἔξ
693 2854 770 2928 ipius·
794 2846 827 2910 τᾶ
844 2846 892 2927 peip
908 2851 967 2909 λινέ
986 2848 1050 2910 οὔπω
1075 2858 1111 2917 ric
1132 2853 1234 2915 ὶκείνσυς
1251 2849 1342 2924 cidisse

344 2956 400 3000 τους
417 2957 513 2998 senece.

290 3024 324 3074 10
342 3038 400 3089 pag.
421 3025 463 3089 82,
483 3027 507 3075 9.

358 3243 534 3312 lmyateririm
547 3246 713 3300 Carantonus
739 3245 744 3314 Ι
770 3247 811 3298 dria
829 3248 850 3300 F
874 3245 895 3316 Ι,
907 3248 922 3298 3
935 3262 965 3299 ee
978 3262 999 3313 r,
1012 3263 1042 3299 eo
1055 3247 1125 3317 FrpV
1147 3246 1159 3318 Ι
1181 3244 1263 3299 4ο15
1282 3245 1395 3297 ceritan-

289 3326 351 3380 dom
370 3327 471 3378 videtur
489 3328 630 3390 segnissimi
650 3330 750 3396 peeoris
771 3336 967 3392 excrementum,
986 3329 1144 3395 glossemate
1161 3331 1264 3394 corpori
1280 3329 1396 3378 detracta

289 3406 389 3458 seclum
413 3404 423 3473 Ι
447 3407 617 3474 dprcphanus
629 3409 669 3461 Fv
692 3408 702 3477 Ι
725 3410 869 3476 'loptumes
881 3409 911 3473 F,
930 3409 1036 3475 optimas
1048 3425 1089 3481 φν
1111 3409 1122 3478 ΙΙ
1145 3410 1161 3460 8
1174 3411 1251 3460 cerda
1263 3407 1394 3460 sanctissi-

288 3487 467 3556 mis-quoque
483 3491 546 3558 inp
563 3493 658 3542 camera
674 3495 952 3556 tentamentorum
967 3494 994 3544 in
1006 3490 1072 3542 calce
1097 3489 1103 3559 Ι
1133 3491 1159 3542 in
1170 3489 1247 3542 rebus
1260 3504 1281 3540 s.
1298 3488 1395 3542 Vadae-

289 3571 349 3620 ae‘ue
382 3565 394 3640 ΙΙ
429 3570 460 3622 10
472 3571 542 3638 aequ
553 3571 678 3623 Flos-idue
709 3569 719 3641 Ι
753 3573 781 3624 11
796 3573 881 3625 diuina
893 3589 910 3624 v
940 3571 945 3639 Ι
971 3572 1063 3639 partim
1076 3571 1188 3625 eonium
1200 3571 1272 3640 Fcpv,
1288 3577 1408 3636 percep-¹

290 3650 403 3702 sentibus
414 3651 446 3701 iis
459 3667 482 3708 ςε
496 3651 640 3708 emendavit
649 3650 793 3704 Salmasius
809 3653 845 3704 ad
859 3651 940 3706 Solio.
955 3670 982 3722 p.
994 3653 1043 3704 22⁷
1077 3651 1087 3722 Ι
1116 3653 1148 3704 12
1164 3654 1197 3705 ad
1211 3653 1278 3705 istoc
1289 3654 1396 3720 eeripre':

289 3731 486 3798 adtreeuralhoe
498 3733 528 3797 F,
541 3732 593 3800 odip¹
605 3733 652 3784 lroc
666 3749 697 3801 φ,
710 3729 741 3783 ad
752 3733 801 3784 hoc
812 3749 829 3784 v
845 3730 850 3801 Ι
865 3734 907 3785 ani
918 3732 939 3786 F
954 3731 960 3798 Ι
976 3733 1128 3800 snpplioanit
1140 3733 1161 3784 F
1173 3736 1201 3784 in
1212 3747 1309 3785 rorare
1328 3730 1338 3798 ΙΙ
1360 3729 1392 3784 13

290 3811 322 3862 ed
331 3811 401 3864 nefas
413 3829 445 3880 φ,
458 3812 551 3882 nephas
563 3830 580 3865 v
602 3810 614 3880 Ι
639 3813 670 3864 14
683 3813 765 3876 gratia
779 3830 800 3878 ς,
816 3813 923 3878 gratiam
932 3813 986 3882 Fp,
998 3815 1053 3878 g‘ra
1065 3831 1082 3865 v
1101 3813 1106 3882 Ι
1130 3815 1173 3865 isti
1185 3815 1230 3882 up
1250 3811 1254 3879 Ι
1275 3813 1372 3868 diieFv
1392 3810 1397 3878 Ι

290 3891 467 3945 disraratienis
479 3911 502 3962 φ
515 3892 524 3962 Ι
538 3895 569 3945 15
581 3894 708 3960 primicias
721 3909 738 3944 v
749 3893 759 3962 ΙΙ
778 3894 809 3946 16
822 3895 894 3945 locus
910 3902 954 3947 eut
969 3896 1077 3948 seclusit
1087 3896 1192 3947 delemus
1204 3893 1214 3963 ΙΙ
1228 3895 1258 3946 11
1272 3896 1306 3958 et]
1320 3909 1350 3943 ec
1362 3892 1395 3944 Fa

290 3972 335 4022 sed
353 3971 496 4026 meroem
522 3971 533 4042 Ι
558 3973 590 4026 18
606 3975 631 4026 in
647 3973 739 4026 firmae
750 3975 804 4026 eius
815 3990 891 4027 uuum
903 3976 994 4028 saltem
1007 3979 1168 4044 umericia
1181 3991 1256 4027 unum
1268 3975 1359 4027 saltem
1371 3974 1396 4024 in

290 4049 380 4102 fluibus
393 4054 447 4106 eius
460 4055 533 4124 vaa
550 4053 623 4107 inere
635 4056 677 4124 qui
688 4063 780 4120 negant
792 4056 886 4108 uidisse
899 4071 927 4108 ee
943 4058 983 4109 eal
993 4057 1192 4122 negant'uidisse
1204 4071 1231 4107 se
1244 4057 1287 4125 qui
1300 4057 1395 4109 affuere

289 4129 414 4184 Priorem
448 4131 458 4200 Ι
494 4135 526 4188 19
541 4137 709 4200 adgnomenta
718 4135 749 4201 F,
769 4145 934 4201 cognomenta
945 4155 977 4207 φ,
998 4145 1146 4202 momente
1158 4151 1177 4189 v
1210 4135 1220 4206 Ι
1256 4139 1290 4190 11
1306 4138 1352 4190 sed
1368 4143 1395 4188 et

291 4208 432 4264 moenam
458 4211 463 4280 Ι
489 4216 571 4280 quur
595 4216 605 4285 Ι
1362 4251 1365 4259 .
