<?xml version="1.0" encoding="UTF-8"?>
<!DOCTYPE html PUBLIC "-//W3C//DTD XHTML 1.0 Transitional//EN"
    "http://www.w3.org/TR/xhtml1/DTD/xhtml1-transitional.dtd">
<html xmlns="http://www.w3.org/1999/xhtml" xml:lang="en" lang="en">
 <head>
  <title>
</title>
<meta http-equiv="Content-Type" content="text/html;charset=utf-8" />
  <meta name='ocr-system' content='tesseract 3.04.00' />
  <meta name='ocr-capabilities' content='ocr_page ocr_carea ocr_par ocr_line ocrx_word'/>
</head>
<body>
  <div class='ocr_page' id='page_1' title='image "./lapuleimadauren01krgoog_0144.png"; bbox 0 0 3232 5028; ppageno 0'>
   <div class='ocr_carea' id='block_1_1' title="bbox 111 457 1442 588">
    <p class='ocr_par' dir='ltr' id='par_1_1' title="bbox 111 457 1442 588">
     <span class='ocr_line' id='line_1_1' title="bbox 661 457 1299 523; baseline 0 -11"><span class='ocrx_word' id='word_1_1' title='bbox 661 457 832 512; x_wconf 72' lang='lat' dir='ltr'>Arctoum</span> <span class='ocrx_word' id='word_1_2' title='bbox 1242 463 1299 523; x_wconf 83' lang='lat'>111</span> 
     </span>
     <span class='ocr_line' id='line_1_2' title="bbox 111 545 1442 588; baseline -0.001 0"><span class='ocrx_word' id='word_1_3' title='bbox 111 547 154 588; x_wconf 84' lang='lat' dir='ltr'>ua.</span> <span class='ocrx_word' id='word_1_4' title='bbox 169 547 271 588; x_wconf 61' lang='lat' dir='ltr'>euacua.</span> <span class='ocrx_word' id='word_1_5' title='bbox 1265 547 1282 586; x_wconf 79' lang='lat' dir='ltr'>r.</span> <span class='ocrx_word' id='word_1_6' title='bbox 1292 545 1352 586; x_wconf 80' lang='lat' dir='ltr'>raas.</span> <span class='ocrx_word' id='word_1_7' title='bbox 1367 546 1383 586; x_wconf 81' lang='lat' dir='ltr'>r.</span> <span class='ocrx_word' id='word_1_8' title='bbox 1392 547 1442 587; x_wconf 69' lang='lat' dir='ltr'>aas.</span> 
     </span>
    </p>
   </div>
   <div class='ocr_carea' id='block_1_2' title="bbox 124 612 1294 1615">
    <p class='ocr_par' dir='ltr' id='par_1_2' title="bbox 124 612 1294 1514">
     <span class='ocr_line' id='line_1_3' title="bbox 182 612 1290 696; baseline 0.001 -21"><span class='ocrx_word' id='word_1_9' title='bbox 182 613 323 678; x_wconf 89' lang='lat' dir='ltr'>aduocata</span> <span class='ocrx_word' id='word_1_10' title='bbox 336 614 606 696; x_wconf 73' lang='lat' dir='ltr'><strong>perditissimorum</strong></span> <span class='ocrx_word' id='word_1_11' title='bbox 620 613 763 676; x_wconf 86' lang='lat' dir='ltr'>iuuenum</span> <span class='ocrx_word' id='word_1_12' title='bbox 778 629 869 676; x_wconf 88' lang='lat' dir='ltr'>manu</span> <span class='ocrx_word' id='word_1_13' title='bbox 884 612 979 676; x_wconf 90' lang='lat' dir='ltr'>uoluit</span> <span class='ocrx_word' id='word_1_14' title='bbox 993 612 1145 676; x_wconf 78' lang='lat' dir='ltr'>excludere</span> <span class='ocrx_word' id='word_1_15' title='bbox 1168 633 1184 675; x_wconf 89' lang='lat' dir='ltr'>e</span> <span class='ocrx_word' id='word_1_16' title='bbox 1199 615 1290 676; x_wconf 90' lang='lat' dir='ltr'>domo</span> 
     </span>
     <span class='ocr_line' id='line_1_4' title="bbox 182 714 1291 800; baseline 0 -22"><span class='ocrx_word' id='word_1_17' title='bbox 182 735 271 797; x_wconf 77' lang='grc'>1111111</span> <span class='ocrx_word' id='word_1_18' title='bbox 285 718 350 800; x_wconf 91' lang='lat' dir='ltr'>ipsa</span> <span class='ocrx_word' id='word_1_19' title='bbox 365 719 539 792; x_wconf 89' lang='lat' dir='ltr'>donaueras‚</span> <span class='ocrx_word' id='word_1_20' title='bbox 556 717 606 797; x_wconf 92' lang='lat' dir='ltr'>qui</span> <span class='ocrx_word' id='word_1_21' title='bbox 619 723 649 778; x_wconf 91' lang='lat' dir='ltr'>te</span> <span class='ocrx_word' id='word_1_22' title='bbox 664 715 720 778; x_wconf 88' lang='lat' dir='ltr'>sibi</span> <span class='ocrx_word' id='word_1_23' title='bbox 740 734 757 777; x_wconf 93' lang='lat' dir='ltr'>a</span> <span class='ocrx_word' id='word_1_24' title='bbox 770 716 860 780; x_wconf 80' lang='lat' dir='ltr'>fratre</span> <span class='ocrx_word' id='word_1_25' title='bbox 879 714 1055 780; x_wconf 81' lang='lat' dir='ltr'>coheredem</span> <span class='ocrx_word' id='word_1_26' title='bbox 1073 715 1203 778; x_wconf 87' lang='lat' dir='ltr'>relictam</span> <span class='ocrx_word' id='word_1_27' title='bbox 1223 735 1291 796; x_wconf 81' lang='lat' dir='ltr'>gra·</span> 
     </span>
     <span class='ocr_line' id='line_1_5' title="bbox 181 817 1292 905; baseline -0.002 -23"><span class='ocrx_word' id='word_1_28' title='bbox 181 819 258 882; x_wconf 91' lang='lat' dir='ltr'>uiter</span> <span class='ocrx_word' id='word_1_29' title='bbox 283 826 313 882; x_wconf 89' lang='lat' dir='ltr'>et</span> <span class='ocrx_word' id='word_1_30' title='bbox 337 821 440 884; x_wconf 79' lang='lat' dir='ltr'>acerbe</span> <span class='ocrx_word' id='word_1_31' title='bbox 459 819 536 893; x_wconf 89' lang='lat' dir='ltr'>tulit,</span> <span class='ocrx_word' id='word_1_32' title='bbox 562 820 613 900; x_wconf 86' lang='lat' dir='ltr'>qui</span> <span class='ocrx_word' id='word_1_33' title='bbox 633 817 837 905; x_wconf 66' lang='lat' dir='ltr'>confecimus</span> <span class='ocrx_word' id='word_1_34' title='bbox 857 835 926 880; x_wconf 92' lang='lat' dir='ltr'>cum</span> <span class='ocrx_word' id='word_1_35' title='bbox 940 825 993 881; x_wconf 88' lang='lat' dir='ltr'>tuo</span> <span class='ocrx_word' id='word_1_36' title='bbox 1014 819 1094 883; x_wconf 86' lang='lat' dir='ltr'>luctu</span> <span class='ocrx_word' id='word_1_37' title='bbox 1114 825 1144 881; x_wconf 88' lang='lat' dir='ltr'>et</span> <span class='ocrx_word' id='word_1_38' title='bbox 1158 837 1292 882; x_wconf 87' lang='lat' dir='ltr'>maerore</span> 
     </span>
     <span class='ocr_line' id='line_1_6' title="bbox 124 919 1293 1007; baseline -0.002 -23"><span class='ocrx_word' id='word_1_39' title='bbox 124 980 127 984; x_wconf 84' lang='lat'>.</span> <span class='ocrx_word' id='word_1_40' title='bbox 183 920 313 984; x_wconf 91' lang='lat' dir='ltr'>deseruit</span> <span class='ocrx_word' id='word_1_41' title='bbox 328 922 408 1007; x_wconf 88' lang='lat' dir='ltr'>etad</span> <span class='ocrx_word' id='word_1_42' title='bbox 423 922 564 984; x_wconf 87' lang='lat' dir='ltr'>Rufinum</span> <span class='ocrx_word' id='word_1_43' title='bbox 580 927 609 982; x_wconf 90' lang='lat' dir='ltr'>et</span> <span class='ocrx_word' id='word_1_44' title='bbox 622 919 818 986; x_wconf 79' lang='lat' dir='ltr'><strong>Aemilianum</strong></span> <span class='ocrx_word' id='word_1_45' title='bbox 832 920 869 982; x_wconf 91' lang='lat' dir='ltr'>de</span> <span class='ocrx_word' id='word_1_46' title='bbox 884 920 951 984; x_wconf 68' lang='lat' dir='ltr'>mnu</span> <span class='ocrx_word' id='word_1_47' title='bbox 965 928 1017 984; x_wconf 90' lang='lat' dir='ltr'>tuo</span> <span class='ocrx_word' id='word_1_48' title='bbox 1033 920 1155 1002; x_wconf 75' lang='lat' dir='ltr'><strong>aufugit,</strong></span> <span class='ocrx_word' id='word_1_49' title='bbox 1176 920 1226 1000; x_wconf 80' lang='lat' dir='ltr'>qtri</span> <span class='ocrx_word' id='word_1_50' title='bbox 1239 921 1293 982; x_wconf 91' lang='lat' dir='ltr'>tibi</span> 
     </span>
     <span class='ocr_line' id='line_1_7' title="bbox 147 1011 1292 1106; baseline -0.007 -15"><span class='ocrx_word' id='word_1_51' title='bbox 147 1042 162 1091; x_wconf 81' lang='lat'><strong>⁵</strong></span> <span class='ocrx_word' id='word_1_52' title='bbox 183 1023 326 1104; x_wconf 86' lang='lat' dir='ltr'>plurimas</span> <span class='ocrx_word' id='word_1_53' title='bbox 340 1032 446 1106; x_wconf 89' lang='lat' dir='ltr'>postea</span> <span class='ocrx_word' id='word_1_54' title='bbox 459 1011 652 1090; x_wconf 72' lang='lat' dir='ltr'>contumelias</span> <span class='ocrx_word' id='word_1_55' title='bbox 667 1023 739 1088; x_wconf 87' lang='lat' dir='ltr'><strong>dixit</strong></span> <span class='ocrx_word' id='word_1_56' title='bbox 752 1041 853 1088; x_wconf 86' lang='lat' dir='ltr'>coram</span> <span class='ocrx_word' id='word_1_57' title='bbox 870 1029 900 1086; x_wconf 88' lang='lat' dir='ltr'>et</span> <span class='ocrx_word' id='word_1_58' title='bbox 913 1022 1069 1088; x_wconf 87' lang='lat' dir='ltr'>adiuuante</span> <span class='ocrx_word' id='word_1_59' title='bbox 1088 1029 1194 1104; x_wconf 87' lang='lat' dir='ltr'>patruo</span> <span class='ocrx_word' id='word_1_60' title='bbox 1214 1022 1292 1097; x_wconf 82' lang='lat' dir='ltr'>lecit,</span> 
     </span>
     <span class='ocr_line' id='line_1_8' title="bbox 183 1125 1293 1209; baseline 0.004 -23"><span class='ocrx_word' id='word_1_61' title='bbox 183 1126 233 1205; x_wconf 90' lang='lat' dir='ltr'>qui</span> <span class='ocrx_word' id='word_1_62' title='bbox 259 1144 369 1189; x_wconf 89' lang='lat' dir='ltr'>nomen</span> <span class='ocrx_word' id='word_1_63' title='bbox 388 1135 474 1190; x_wconf 90' lang='lat' dir='ltr'>tuum</span> <span class='ocrx_word' id='word_1_64' title='bbox 496 1147 551 1209; x_wconf 91' lang='lat' dir='ltr'>pro</span> <span class='ocrx_word' id='word_1_65' title='bbox 572 1127 766 1189; x_wconf 91' lang='lat' dir='ltr'>tribunalibus</span> <span class='ocrx_word' id='word_1_66' title='bbox 786 1126 953 1200; x_wconf 89' lang='lat' dir='ltr'>uentilauit,</span> <span class='ocrx_word' id='word_1_67' title='bbox 974 1125 1024 1206; x_wconf 92' lang='lat' dir='ltr'>qui</span> <span class='ocrx_word' id='word_1_68' title='bbox 1043 1125 1188 1206; x_wconf 90' lang='lat' dir='ltr'>pudorem</span> <span class='ocrx_word' id='word_1_69' title='bbox 1206 1133 1293 1190; x_wconf 80' lang='lat' dir='ltr'>hrum</span> 
     </span>
     <span class='ocr_line' id='line_1_9' title="bbox 182 1226 1292 1310; baseline 0 -20"><span class='ocrx_word' id='word_1_70' title='bbox 182 1228 303 1295; x_wconf 86' lang='lat' dir='ltr'>tuismet</span> <span class='ocrx_word' id='word_1_71' title='bbox 317 1229 408 1294; x_wconf 84' lang='lat' dir='ltr'>literis</span> <span class='ocrx_word' id='word_1_72' title='bbox 423 1237 548 1296; x_wconf 88' lang='lat' dir='ltr'>conatus</span> <span class='ocrx_word' id='word_1_73' title='bbox 563 1236 609 1292; x_wconf 88' lang='lat' dir='ltr'>est</span> <span class='ocrx_word' id='word_1_74' title='bbox 630 1229 746 1310; x_wconf 87' lang='lat' dir='ltr'>publice</span> <span class='ocrx_word' id='word_1_75' title='bbox 766 1229 958 1302; x_wconf 71' lang='lat' dir='ltr'>dedecorare,</span> <span class='ocrx_word' id='word_1_76' title='bbox 977 1226 1026 1306; x_wconf 85' lang='lat' dir='ltr'>qui</span> <span class='ocrx_word' id='word_1_77' title='bbox 1041 1227 1181 1292; x_wconf 90' lang='lat' dir='ltr'>maritum</span> <span class='ocrx_word' id='word_1_78' title='bbox 1195 1233 1292 1303; x_wconf 91' lang='lat' dir='ltr'>tuum,</span> 
     </span>
     <span class='ocr_line' id='line_1_10' title="bbox 183 1329 1294 1414; baseline 0 -22"><span class='ocrx_word' id='word_1_79' title='bbox 183 1349 271 1410; x_wconf 86' lang='lat' dir='ltr'>quem</span> <span class='ocrx_word' id='word_1_80' title='bbox 299 1333 436 1412; x_wconf 79' lang='lat' dir='ltr'>elegeras,</span> <span class='ocrx_word' id='word_1_81' title='bbox 463 1351 562 1414; x_wconf 90' lang='lat' dir='ltr'>quem,</span> <span class='ocrx_word' id='word_1_82' title='bbox 582 1338 616 1396; x_wconf 92' lang='lat' dir='ltr'>ut</span> <span class='ocrx_word' id='word_1_83' title='bbox 635 1332 699 1412; x_wconf 91' lang='lat' dir='ltr'>ipse</span> <span class='ocrx_word' id='word_1_84' title='bbox 722 1330 873 1406; x_wconf 83' lang='lat' dir='ltr'>obiciebat,</span> <span class='ocrx_word' id='word_1_85' title='bbox 892 1329 1023 1394; x_wconf 84' lang='lat' dir='ltr'>efflictim</span> <span class='ocrx_word' id='word_1_86' title='bbox 1043 1330 1172 1405; x_wconf 83' lang='lat' dir='ltr'>amabas,</span> <span class='ocrx_word' id='word_1_87' title='bbox 1192 1329 1294 1412; x_wconf 87' lang='lat' dir='ltr'>capitis</span> 
     </span>
     <span class='ocr_line' id='line_1_11' title="bbox 184 1431 1294 1514; baseline 0.002 -20"><span class='ocrx_word' id='word_1_88' title='bbox 184 1431 354 1496; x_wconf 79' lang='lat' dir='ltr'>accusauit?</span> <span class='ocrx_word' id='word_1_89' title='bbox 377 1436 457 1514; x_wconf 82' lang='lat' dir='ltr'>aperi</span> <span class='ocrx_word' id='word_1_90' title='bbox 469 1453 589 1514; x_wconf 89' lang='lat' dir='ltr'>quaeso,</span> <span class='ocrx_word' id='word_1_91' title='bbox 600 1433 678 1494; x_wconf 88' lang='lat' dir='ltr'>bone</span> <span class='ocrx_word' id='word_1_92' title='bbox 689 1450 773 1514; x_wconf 90' lang='lat' dir='ltr'>puer,</span> <span class='ocrx_word' id='word_1_93' title='bbox 788 1433 868 1512; x_wconf 89' lang='lat' dir='ltr'>aperi</span> <span class='ocrx_word' id='word_1_94' title='bbox 878 1437 1103 1498; x_wconf 74' lang='lat' dir='ltr'>uelamentum:</span> <span class='ocrx_word' id='word_1_95' title='bbox 1118 1431 1294 1496; x_wconf 66' lang='grc'>1111111111]-</span> 
     </span>
    </p>

    <p class='ocr_par' dir='ltr' id='par_1_3' title="bbox 132 1534 636 1615">
     <span class='ocr_line' id='line_1_12' title="bbox 132 1534 636 1615; baseline 0.01 -23"><span class='ocrx_word' id='word_1_96' title='bbox 132 1540 163 1592; x_wconf 86' lang='lat' dir='ltr'>lo</span> <span class='ocrx_word' id='word_1_97' title='bbox 184 1534 297 1600; x_wconf 78' lang='lat' dir='ltr'>sanium</span> <span class='ocrx_word' id='word_1_98' title='bbox 312 1535 415 1598; x_wconf 88' lang='lat' dir='ltr'>matris</span> <span class='ocrx_word' id='word_1_99' title='bbox 430 1535 473 1598; x_wconf 89' lang='lat' dir='ltr'>sic</span> <span class='ocrx_word' id='word_1_100' title='bbox 486 1534 636 1615; x_wconf 84' lang='lat' dir='ltr'>probabis.</span> 
     </span>
    </p>
   </div>
   <div class='ocr_carea' id='block_1_3' title="bbox 115 1703 1393 3426">
    <p class='ocr_par' dir='ltr' id='par_1_4' title="bbox 115 1703 1393 3426">
     <span class='ocr_line' id='line_1_13' title="bbox 271 1703 1293 1787; baseline 0.001 -20"><span class='ocrx_word' id='word_1_101' title='bbox 271 1703 347 1780; x_wconf 84' lang='lat' dir='ltr'>Quid</span> <span class='ocrx_word' id='word_1_102' title='bbox 363 1705 477 1779; x_wconf 87' lang='lat' dir='ltr'>abnuis,</span> <span class='ocrx_word' id='word_1_103' title='bbox 495 1703 565 1784; x_wconf 90' lang='lat' dir='ltr'>quid</span> <span class='ocrx_word' id='word_1_104' title='bbox 579 1723 707 1780; x_wconf 90' lang='lat' dir='ltr'>recusas,</span> <span class='ocrx_word' id='word_1_105' title='bbox 723 1710 881 1787; x_wconf 88' lang='lat' dir='ltr'>postquam</span> <span class='ocrx_word' id='word_1_106' title='bbox 892 1705 1118 1769; x_wconf 89' lang='lat' dir='ltr'>sollicitudinem</span> <span class='ocrx_word' id='word_1_107' title='bbox 1130 1705 1166 1770; x_wconf 91' lang='lat' dir='ltr'>de</span> <span class='ocrx_word' id='word_1_108' title='bbox 1177 1706 1293 1769; x_wconf 90' lang='lat' dir='ltr'>beredi-</span> 
     </span>
     <span class='ocr_line' id='line_1_14' title="bbox 186 1803 1341 1889; baseline 0.003 -23"><span class='ocrx_word' id='word_1_109' title='bbox 186 1813 244 1867; x_wconf 86' lang='lat' dir='ltr'>tate</span> <span class='ocrx_word' id='word_1_110' title='bbox 260 1815 392 1869; x_wconf 89' lang='lat' dir='ltr'>materna</span> <span class='ocrx_word' id='word_1_111' title='bbox 406 1803 584 1889; x_wconf 84' lang='lat' dir='ltr'>reppulisti?</span> <span class='ocrx_word' id='word_1_112' title='bbox 614 1815 643 1869; x_wconf 89' lang='lat' dir='ltr'>at</span> <span class='ocrx_word' id='word_1_113' title='bbox 658 1827 712 1888; x_wconf 80' lang='lat' dir='ltr'>ego</span> <span class='ocrx_word' id='word_1_114' title='bbox 727 1808 815 1870; x_wconf 88' lang='lat' dir='ltr'>hasce</span> <span class='ocrx_word' id='word_1_115' title='bbox 829 1808 954 1883; x_wconf 88' lang='lat' dir='ltr'>tabulas,</span> <span class='ocrx_word' id='word_1_116' title='bbox 974 1807 1108 1884; x_wconf 81' lang='lat' dir='ltr'>Maxime,</span> <span class='ocrx_word' id='word_1_117' title='bbox 1123 1809 1171 1872; x_wconf 92' lang='lat' dir='ltr'>bic</span> <span class='ocrx_word' id='word_1_118' title='bbox 1185 1809 1293 1872; x_wconf 90' lang='lat' dir='ltr'>ibidem</span> <span class='ocrx_word' id='word_1_119' title='bbox 1311 1817 1341 1870; x_wconf 86' lang='lat' dir='ltr'>ct</span> 
     </span>
     <span class='ocr_line' id='line_1_15' title="bbox 186 1909 1294 1992; baseline 0.003 -23"><span class='ocrx_word' id='word_1_120' title='bbox 186 1927 240 1990; x_wconf 91' lang='lat' dir='ltr'>pro</span> <span class='ocrx_word' id='word_1_121' title='bbox 255 1909 380 1990; x_wconf 90' lang='lat' dir='ltr'>pedibus</span> <span class='ocrx_word' id='word_1_122' title='bbox 395 1909 454 1972; x_wconf 92' lang='lat' dir='ltr'>tuis</span> <span class='ocrx_word' id='word_1_123' title='bbox 470 1909 563 1972; x_wconf 88' lang='lat' dir='ltr'>abicio</span> <span class='ocrx_word' id='word_1_124' title='bbox 578 1916 738 1992; x_wconf 90' lang='lat' dir='ltr'>testorque,</span> <span class='ocrx_word' id='word_1_125' title='bbox 759 1929 807 1972; x_wconf 91' lang='lat' dir='ltr'>me</span> <span class='ocrx_word' id='word_1_126' title='bbox 823 1911 959 1992; x_wconf 82' lang='lat' dir='ltr'>deinceps</span> <span class='ocrx_word' id='word_1_127' title='bbox 978 1911 1156 1976; x_wconf 85' lang='lat' dir='ltr'>incuriosius</span> <span class='ocrx_word' id='word_1_128' title='bbox 1176 1911 1294 1973; x_wconf 90' lang='lat' dir='ltr'>habitu-</span> 
     </span>
     <span class='ocr_line' id='line_1_16' title="bbox 185 2011 1293 2092; baseline 0.003 -21"><span class='ocrx_word' id='word_1_129' title='bbox 185 2029 263 2086; x_wconf 91' lang='lat' dir='ltr'>rum,</span> <span class='ocrx_word' id='word_1_130' title='bbox 289 2011 359 2092; x_wconf 87' lang='lat' dir='ltr'>quid</span> <span class='ocrx_word' id='word_1_131' title='bbox 379 2011 542 2076; x_wconf 88' lang='lat' dir='ltr'>Pudentilla</span> <span class='ocrx_word' id='word_1_132' title='bbox 559 2019 736 2074; x_wconf 87' lang='lat' dir='ltr'>testamento</span> <span class='ocrx_word' id='word_1_133' title='bbox 758 2031 813 2074; x_wconf 90' lang='lat' dir='ltr'>suo</span> <span class='ocrx_word' id='word_1_134' title='bbox 835 2013 951 2074; x_wconf 87' lang='lat' dir='ltr'>scribat.</span> <span class='ocrx_word' id='word_1_135' title='bbox 986 2013 1049 2092; x_wconf 89' lang='lat' dir='ltr'>ipse</span> <span class='ocrx_word' id='word_1_136' title='bbox 1068 2013 1136 2088; x_wconf 75' lang='lat' dir='ltr'>iam,</span> <span class='ocrx_word' id='word_1_137' title='bbox 1162 2014 1293 2091; x_wconf 89' lang='lat' dir='ltr'>utlibet,</span> 
     </span>
     <span class='ocr_line' id='line_1_17' title="bbox 135 2114 1295 2197; baseline -0.001 -18"><span class='ocrx_word' id='word_1_138' title='bbox 135 2130 166 2179; x_wconf 85' lang='lat'>15</span> <span class='ocrx_word' id='word_1_139' title='bbox 188 2121 313 2176; x_wconf 90' lang='lat' dir='ltr'>matrem</span> <span class='ocrx_word' id='word_1_140' title='bbox 328 2134 413 2177; x_wconf 90' lang='lat' dir='ltr'>suam</span> <span class='ocrx_word' id='word_1_141' title='bbox 429 2117 464 2176; x_wconf 93' lang='lat' dir='ltr'>de</span> <span class='ocrx_word' id='word_1_142' title='bbox 479 2122 577 2178; x_wconf 91' lang='lat' dir='ltr'>cetero</span> <span class='ocrx_word' id='word_1_143' title='bbox 593 2123 707 2178; x_wconf 88' lang='lat' dir='ltr'>exoret:</span> <span class='ocrx_word' id='word_1_144' title='bbox 723 2115 806 2190; x_wconf 90' lang='lat' dir='ltr'>mihi,</span> <span class='ocrx_word' id='word_1_145' title='bbox 821 2123 854 2178; x_wconf 93' lang='lat' dir='ltr'>ut</span> <span class='ocrx_word' id='word_1_146' title='bbox 868 2114 944 2178; x_wconf 91' lang='lat' dir='ltr'>ultra</span> <span class='ocrx_word' id='word_1_147' title='bbox 958 2133 1013 2197; x_wconf 91' lang='lat' dir='ltr'>pro</span> <span class='ocrx_word' id='word_1_148' title='bbox 1029 2134 1064 2176; x_wconf 93' lang='lat' dir='ltr'>eo</span> <span class='ocrx_word' id='word_1_149' title='bbox 1080 2115 1227 2195; x_wconf 90' lang='lat' dir='ltr'>deprecer,</span> <span class='ocrx_word' id='word_1_150' title='bbox 1248 2115 1295 2178; x_wconf 89' lang='lat' dir='ltr'>lo·</span> 
     </span>
     <span class='ocr_line' id='line_1_18' title="bbox 115 2213 1295 2303; baseline 0 -23"><span class='ocrx_word' id='word_1_151' title='bbox 115 2241 173 2293; x_wconf 77' lang='lat' dir='ltr'>(seo)</span> <span class='ocrx_word' id='word_1_152' title='bbox 188 2235 256 2279; x_wconf 91' lang='lat' dir='ltr'>cum</span> <span class='ocrx_word' id='word_1_153' title='bbox 282 2234 343 2279; x_wconf 92' lang='lat' dir='ltr'>non</span> <span class='ocrx_word' id='word_1_154' title='bbox 363 2217 489 2298; x_wconf 87' lang='lat' dir='ltr'>reliquit.</span> <span class='ocrx_word' id='word_1_155' title='bbox 523 2217 586 2300; x_wconf 90' lang='lat' dir='ltr'>ipse</span> <span class='ocrx_word' id='word_1_156' title='bbox 611 2219 669 2282; x_wconf 88' lang='lat' dir='ltr'>iam</span> <span class='ocrx_word' id='word_1_157' title='bbox 690 2225 724 2280; x_wconf 89' lang='lat' dir='ltr'>ut</span> <span class='ocrx_word' id='word_1_158' title='bbox 747 2213 752 2303; x_wconf 84' lang='grc'>1</span> <span class='ocrx_word' id='word_1_159' title='bbox 777 2217 823 2280; x_wconf 92' lang='lat' dir='ltr'>sui</span> <span class='ocrx_word' id='word_1_160' title='bbox 841 2223 948 2300; x_wconf 91' lang='lat' dir='ltr'>potens</span> <span class='ocrx_word' id='word_1_161' title='bbox 967 2235 1001 2280; x_wconf 89' lang='lat' dir='ltr'>ac</span> <span class='ocrx_word' id='word_1_162' title='bbox 1022 2217 1070 2278; x_wconf 90' lang='lat' dir='ltr'>uir</span> <span class='ocrx_word' id='word_1_163' title='bbox 1093 2216 1295 2280; x_wconf 87' lang='lat' dir='ltr'>acerbissimas</span> 
     </span>
     <span class='ocr_line' id='line_1_19' title="bbox 186 2307 1295 2402; baseline 0.001 -23"><span class='ocrx_word' id='word_1_164' title='bbox 186 2318 284 2381; x_wconf 91' lang='lat' dir='ltr'>literas</span> <span class='ocrx_word' id='word_1_165' title='bbox 299 2321 386 2381; x_wconf 89' lang='lat' dir='ltr'>matri</span> <span class='ocrx_word' id='word_1_166' title='bbox 401 2320 489 2381; x_wconf 87' lang='lat' dir='ltr'>dictet</span> <span class='ocrx_word' id='word_1_167' title='bbox 504 2330 530 2381; x_wconf 89' lang='lat' dir='ltr'>ct</span> <span class='ocrx_word' id='word_1_168' title='bbox 543 2320 619 2383; x_wconf 79' lang='lat' dir='ltr'>nam</span> <span class='ocrx_word' id='word_1_169' title='bbox 634 2322 697 2384; x_wconf 91' lang='lat' dir='ltr'>eius</span> <span class='ocrx_word' id='word_1_170' title='bbox 712 2322 842 2383; x_wconf 89' lang='lat' dir='ltr'>deliniat:</span> <span class='ocrx_word' id='word_1_171' title='bbox 864 2321 914 2400; x_wconf 84' lang='lat' dir='ltr'>qui</span> <span class='ocrx_word' id='word_1_172' title='bbox 928 2307 1025 2402; x_wconf 87' lang='lat' dir='ltr'>potuit</span> <span class='ocrx_word' id='word_1_173' title='bbox 1040 2334 1188 2400; x_wconf 84' lang='lat' dir='ltr'>perorare,</span> <span class='ocrx_word' id='word_1_174' title='bbox 1208 2325 1295 2400; x_wconf 91' lang='lat' dir='ltr'>pote-</span> 
     </span>
     <span class='ocr_line' id='line_1_20' title="bbox 185 2411 1296 2499; baseline 0.003 -18"><span class='ocrx_word' id='word_1_175' title='bbox 185 2411 223 2482; x_wconf 91' lang='lat' dir='ltr'>rit</span> <span class='ocrx_word' id='word_1_176' title='bbox 237 2439 367 2484; x_wconf 88' lang='lat' dir='ltr'>exorare.</span> <span class='ocrx_word' id='word_1_177' title='bbox 394 2421 467 2483; x_wconf 91' lang='lat' dir='ltr'>mihi</span> <span class='ocrx_word' id='word_1_178' title='bbox 480 2423 539 2483; x_wconf 90' lang='lat' dir='ltr'>iam</span> <span class='ocrx_word' id='word_1_179' title='bbox 555 2422 668 2486; x_wconf 93' lang='lat' dir='ltr'>dudum</span> <span class='ocrx_word' id='word_1_180' title='bbox 679 2424 749 2486; x_wconf 90' lang='lat' dir='ltr'>satis</span> <span class='ocrx_word' id='word_1_181' title='bbox 766 2429 820 2499; x_wconf 92' lang='lat' dir='ltr'>est,</span> <span class='ocrx_word' id='word_1_182' title='bbox 835 2424 862 2485; x_wconf 92' lang='lat' dir='ltr'>si</span> <span class='ocrx_word' id='word_1_183' title='bbox 872 2441 934 2486; x_wconf 91' lang='lat' dir='ltr'>non</span> <span class='ocrx_word' id='word_1_184' title='bbox 946 2423 1036 2485; x_wconf 91' lang='lat' dir='ltr'>modo</span> <span class='ocrx_word' id='word_1_185' title='bbox 1048 2423 1171 2486; x_wconf 88' lang='lat' dir='ltr'>erimina</span> <span class='ocrx_word' id='word_1_186' title='bbox 1183 2423 1296 2486; x_wconf 86' lang='lat' dir='ltr'>obiecta</span> 
     </span>
     <span class='ocr_line' id='line_1_21' title="bbox 186 2523 1295 2604; baseline 0.002 -20"><span class='ocrx_word' id='word_1_187' title='bbox 186 2524 355 2604; x_wconf 88' lang='lat' dir='ltr'>plenissime</span> <span class='ocrx_word' id='word_1_188' title='bbox 371 2523 450 2599; x_wconf 89' lang='lat' dir='ltr'>dilui,</span> <span class='ocrx_word' id='word_1_189' title='bbox 467 2544 572 2588; x_wconf 88' lang='lat' dir='ltr'>uerum</span> <span class='ocrx_word' id='word_1_190' title='bbox 588 2527 676 2587; x_wconf 87' lang='lat' dir='ltr'>etiam</span> <span class='ocrx_word' id='word_1_191' title='bbox 690 2525 818 2590; x_wconf 87' lang='lat' dir='ltr'>radicem</span> <span class='ocrx_word' id='word_1_192' title='bbox 837 2525 936 2588; x_wconf 91' lang='lat' dir='ltr'>indicii</span> <span class='ocrx_word' id='word_1_193' title='bbox 950 2525 1049 2601; x_wconf 89' lang='lat' dir='ltr'>huius,</span> <span class='ocrx_word' id='word_1_194' title='bbox 1070 2525 1099 2588; x_wconf 94' lang='lat' dir='ltr'>id</span> <span class='ocrx_word' id='word_1_195' title='bbox 1120 2533 1164 2588; x_wconf 92' lang='lat' dir='ltr'>est</span> <span class='ocrx_word' id='word_1_196' title='bbox 1178 2525 1295 2590; x_wconf 90' lang='lat' dir='ltr'>heredi-</span> 
     </span>
     <span class='ocr_line' id='line_1_22' title="bbox 132 2624 1121 2705; baseline 0.001 -14"><span class='ocrx_word' id='word_1_197' title='bbox 132 2639 165 2691; x_wconf 83' lang='lat'>20</span> <span class='ocrx_word' id='word_1_198' title='bbox 186 2624 253 2686; x_wconf 89' lang='lat' dir='ltr'>tatis</span> <span class='ocrx_word' id='word_1_199' title='bbox 269 2625 415 2705; x_wconf 85' lang='lat' dir='ltr'>quaesitae</span> <span class='ocrx_word' id='word_1_200' title='bbox 429 2626 570 2688; x_wconf 90' lang='lat' dir='ltr'>inuidiam</span> <span class='ocrx_word' id='word_1_201' title='bbox 585 2627 719 2692; x_wconf 82' lang='lat' dir='ltr'>funditus</span> <span class='ocrx_word' id='word_1_202' title='bbox 734 2628 849 2690; x_wconf 88' lang='lat' dir='ltr'>sustuli.</span> <span class='ocrx_word' id='word_1_203' title='bbox 1119 2625 1121 2629; x_wconf 70' lang='grc'>’</span> 
     </span>
     <span class='ocr_line' id='line_1_23' title="bbox 270 2725 1294 2815; baseline 0.007 -29"><span class='ocrx_word' id='word_1_204' title='bbox 270 2725 344 2788; x_wconf 92' lang='lat' dir='ltr'>lllud</span> <span class='ocrx_word' id='word_1_205' title='bbox 360 2727 458 2802; x_wconf 88' lang='lat' dir='ltr'>etiam,</span> <span class='ocrx_word' id='word_1_206' title='bbox 472 2745 511 2790; x_wconf 88' lang='lat' dir='ltr'>ne</span> <span class='ocrx_word' id='word_1_207' title='bbox 526 2729 596 2808; x_wconf 91' lang='lat' dir='ltr'>quid</span> <span class='ocrx_word' id='word_1_208' title='bbox 617 2730 751 2792; x_wconf 89' lang='lat' dir='ltr'>omnium</span> <span class='ocrx_word' id='word_1_209' title='bbox 771 2736 961 2811; x_wconf 86' lang='lat' dir='ltr'>praeteream,</span> <span class='ocrx_word' id='word_1_210' title='bbox 981 2731 1156 2814; x_wconf 89' lang='lat' dir='ltr'>priusquam</span> <span class='ocrx_word' id='word_1_211' title='bbox 1175 2750 1294 2815; x_wconf 89' lang='lat' dir='ltr'>peroro,</span> 
     </span>
     <span class='ocr_line' id='line_1_24' title="bbox 186 2827 1294 2916; baseline 0.006 -27"><span class='ocrx_word' id='word_1_212' title='bbox 186 2828 259 2890; x_wconf 84' lang='lat' dir='ltr'>falso</span> <span class='ocrx_word' id='word_1_213' title='bbox 287 2827 434 2892; x_wconf 89' lang='lat' dir='ltr'>obiectum</span> <span class='ocrx_word' id='word_1_214' title='bbox 460 2829 620 2894; x_wconf 88' lang='lat' dir='ltr'>reuincam.</span> <span class='ocrx_word' id='word_1_215' title='bbox 662 2833 785 2908; x_wconf 80' lang='lat' dir='ltr'>dixistis,</span> <span class='ocrx_word' id='word_1_216' title='bbox 811 2853 859 2898; x_wconf 89' lang='lat' dir='ltr'>me</span> <span class='ocrx_word' id='word_1_217' title='bbox 885 2853 990 2914; x_wconf 82' lang='lat' dir='ltr'>magea</span> <span class='ocrx_word' id='word_1_218' title='bbox 1014 2836 1139 2916; x_wconf 89' lang='lat' dir='ltr'>pecunia</span> <span class='ocrx_word' id='word_1_219' title='bbox 1163 2835 1294 2899; x_wconf 89' lang='lat' dir='ltr'>mulieris</span> 
     </span>
     <span class='ocr_line' id='line_1_25' title="bbox 186 2921 1294 3017; baseline 0.005 -25"><span class='ocrx_word' id='word_1_220' title='bbox 186 2931 419 3010; x_wconf 90' lang='lat' dir='ltr'>pulcherrimum</span> <span class='ocrx_word' id='word_1_221' title='bbox 433 2933 586 3012; x_wconf 86' lang='lat' dir='ltr'>praedium</span> <span class='ocrx_word' id='word_1_222' title='bbox 601 2953 668 2996; x_wconf 92' lang='lat' dir='ltr'>meo</span> <span class='ocrx_word' id='word_1_223' title='bbox 684 2936 805 2996; x_wconf 92' lang='lat' dir='ltr'>nomine</span> <span class='ocrx_word' id='word_1_224' title='bbox 821 2921 937 2998; x_wconf 84' lang='lat' dir='ltr'>emisse.</span> <span class='ocrx_word' id='word_1_225' title='bbox 965 2935 1040 3011; x_wconf 91' lang='lat' dir='ltr'>dico,</span> <span class='ocrx_word' id='word_1_226' title='bbox 1056 2938 1194 3017; x_wconf 84' lang='lat' dir='ltr'>exiguum</span> <span class='ocrx_word' id='word_1_227' title='bbox 1208 2938 1294 2998; x_wconf 89' lang='lat' dir='ltr'>here-</span> 
     </span>
     <span class='ocr_line' id='line_1_26' title="bbox 187 3025 1393 3118; baseline 0.003 -24"><span class='ocrx_word' id='word_1_228' title='bbox 187 3032 299 3095; x_wconf 90' lang='lat' dir='ltr'>diolum</span> <span class='ocrx_word' id='word_1_229' title='bbox 321 3029 333 3118; x_wconf 91' lang='grc'>1</span> <span class='ocrx_word' id='word_1_230' title='bbox 354 3035 502 3114; x_wconf 84' lang='lat' dir='ltr'>sexaginta</span> <span class='ocrx_word' id='word_1_231' title='bbox 517 3035 635 3098; x_wconf 90' lang='lat' dir='ltr'>milibus</span> <span class='ocrx_word' id='word_1_232' title='bbox 650 3025 818 3111; x_wconf 83' lang='lat' dir='ltr'>nummum,</span> <span class='ocrx_word' id='word_1_233' title='bbox 838 3037 867 3098; x_wconf 95' lang='lat' dir='ltr'>id</span> <span class='ocrx_word' id='word_1_234' title='bbox 884 3055 1001 3118; x_wconf 89' lang='lat' dir='ltr'>quoque</span> <span class='ocrx_word' id='word_1_235' title='bbox 1015 3056 1077 3100; x_wconf 92' lang='lat' dir='ltr'>non</span> <span class='ocrx_word' id='word_1_236' title='bbox 1092 3057 1149 3114; x_wconf 89' lang='lat' dir='ltr'>me,</span> <span class='ocrx_word' id='word_1_237' title='bbox 1166 3039 1217 3099; x_wconf 92' lang='lat' dir='ltr'>sed</span> <span class='ocrx_word' id='word_1_238' title='bbox 1231 3039 1293 3101; x_wconf 92' lang='lat' dir='ltr'>Pu·</span> <span class='ocrx_word' id='word_1_239' title='bbox 1306 3060 1321 3101; x_wconf 84' lang='lat' dir='ltr'>r.</span> <span class='ocrx_word' id='word_1_240' title='bbox 1333 3059 1393 3099; x_wconf 80' lang='lat' dir='ltr'>rrae.</span> 
     </span>
     <span class='ocr_line' id='line_1_27' title="bbox 134 3135 1388 3223; baseline 0.008 -27"><span class='ocrx_word' id='word_1_241' title='bbox 134 3154 166 3204; x_wconf 81' lang='lat'>25</span> <span class='ocrx_word' id='word_1_242' title='bbox 187 3135 335 3198; x_wconf 91' lang='lat' dir='ltr'>dentillam</span> <span class='ocrx_word' id='word_1_243' title='bbox 357 3155 412 3199; x_wconf 90' lang='lat' dir='ltr'>suo</span> <span class='ocrx_word' id='word_1_244' title='bbox 432 3138 553 3200; x_wconf 89' lang='lat' dir='ltr'>nomine</span> <span class='ocrx_word' id='word_1_245' title='bbox 573 3139 694 3216; x_wconf 89' lang='lat' dir='ltr'>emisse,</span> <span class='ocrx_word' id='word_1_246' title='bbox 715 3140 895 3204; x_wconf 89' lang='lat' dir='ltr'>Pudentillae</span> <span class='ocrx_word' id='word_1_247' title='bbox 914 3157 1024 3201; x_wconf 90' lang='lat' dir='ltr'>nomen</span> <span class='ocrx_word' id='word_1_248' title='bbox 1045 3139 1076 3201; x_wconf 91' lang='lat' dir='ltr'>in</span> <span class='ocrx_word' id='word_1_249' title='bbox 1094 3139 1200 3201; x_wconf 86' lang='lat' dir='ltr'>tabulis</span> <span class='ocrx_word' id='word_1_250' title='bbox 1221 3159 1295 3223; x_wconf 82' lang='lat' dir='ltr'>esse,</span> <span class='ocrx_word' id='word_1_251' title='bbox 1383 3199 1388 3206; x_wconf 90' lang='lat'><strong>.</strong></span> 
     </span>
     <span class='ocr_line' id='line_1_28' title="bbox 187 3237 1298 3323; baseline 0.008 -25"><span class='ocrx_word' id='word_1_252' title='bbox 187 3237 367 3302; x_wconf 91' lang='lat' dir='ltr'>Pudentillae</span> <span class='ocrx_word' id='word_1_253' title='bbox 387 3239 508 3302; x_wconf 91' lang='lat' dir='ltr'>nomine</span> <span class='ocrx_word' id='word_1_254' title='bbox 528 3260 582 3322; x_wconf 91' lang='lat' dir='ltr'>pro</span> <span class='ocrx_word' id='word_1_255' title='bbox 603 3262 638 3305; x_wconf 89' lang='lat' dir='ltr'>eo</span> <span class='ocrx_word' id='word_1_256' title='bbox 659 3241 750 3323; x_wconf 79' lang='lat' dir='ltr'>agello</span> <span class='ocrx_word' id='word_1_257' title='bbox 770 3242 913 3306; x_wconf 90' lang='lat' dir='ltr'>tributum</span> <span class='ocrx_word' id='word_1_258' title='bbox 935 3241 1068 3322; x_wconf 84' lang='lat' dir='ltr'>dependi</span> <span class='ocrx_word' id='word_1_259' title='bbox 1098 3259 1238 3322; x_wconf 87' lang='lat' dir='ltr'>praesens</span> <span class='ocrx_word' id='word_1_260' title='bbox 1252 3250 1298 3307; x_wconf 89' lang='lat' dir='ltr'>est</span> 
     </span>
     <span class='ocr_line' id='line_1_29' title="bbox 187 3341 1297 3426; baseline 0.003 -24"><span class='ocrx_word' id='word_1_261' title='bbox 187 3349 327 3420; x_wconf 87' lang='lat' dir='ltr'>quaestor</span> <span class='ocrx_word' id='word_1_262' title='bbox 345 3341 490 3422; x_wconf 88' lang='lat' dir='ltr'>publicus,</span> <span class='ocrx_word' id='word_1_263' title='bbox 511 3344 559 3406; x_wconf 93' lang='lat' dir='ltr'>cui</span> <span class='ocrx_word' id='word_1_264' title='bbox 569 3346 741 3426; x_wconf 41' lang='lat' dir='ltr'>,depensum</span> <span class='ocrx_word' id='word_1_265' title='bbox 756 3353 815 3420; x_wconf 86' lang='lat' dir='ltr'>est,</span> <span class='ocrx_word' id='word_1_266' title='bbox 830 3345 978 3408; x_wconf 77' lang='lat' dir='ltr'>Ceruium</span> <span class='ocrx_word' id='word_1_267' title='bbox 992 3344 1083 3420; x_wconf 84' lang='lat' dir='ltr'>Celer,</span> <span class='ocrx_word' id='word_1_268' title='bbox 1098 3344 1146 3407; x_wconf 94' lang='lat' dir='ltr'>uir</span> <span class='ocrx_word' id='word_1_269' title='bbox 1160 3350 1297 3406; x_wconf 88' lang='lat' dir='ltr'>ornatus:</span> 
     </span>
    </p>
   </div>
   <div class='ocr_carea' id='block_1_4' title="bbox 187 3497 1299 4384">
    <p class='ocr_par' dir='ltr' id='par_1_5' title="bbox 187 3497 1299 4384">
     <span class='ocr_line' id='line_1_30' title="bbox 255 3497 1296 3572; baseline 0.006 -22"><span class='ocrx_word' id='word_1_270' title='bbox 255 3500 271 3550; x_wconf 84' lang='lat'><em>2</em></span> <span class='ocrx_word' id='word_1_271' title='bbox 290 3499 455 3553; x_wconf 80' lang='lat' dir='ltr'>cohaeredem</span> <span class='ocrx_word' id='word_1_272' title='bbox 467 3517 484 3553; x_wconf 86' lang='lat' dir='ltr'>v</span> <span class='ocrx_word' id='word_1_273' title='bbox 498 3499 504 3568; x_wconf 89' lang='grc' dir='ltr'>Ι</span> <span class='ocrx_word' id='word_1_274' title='bbox 518 3502 665 3554; x_wconf 85' lang='lat' dir='ltr'>relictnmv</span> <span class='ocrx_word' id='word_1_275' title='bbox 688 3499 698 3570; x_wconf 93' lang='grc'>1</span> <span class='ocrx_word' id='word_1_276' title='bbox 723 3503 866 3554; x_wconf 74' lang='lat' dir='ltr'>dmoerore</span> <span class='ocrx_word' id='word_1_277' title='bbox 879 3519 896 3555; x_wconf 87' lang='lat' dir='ltr'>v</span> <span class='ocrx_word' id='word_1_278' title='bbox 920 3501 930 3572; x_wconf 92' lang='grc'>1</span> <span class='ocrx_word' id='word_1_279' title='bbox 957 3505 974 3556; x_wconf 88' lang='grc'>4</span> <span class='ocrx_word' id='word_1_280' title='bbox 990 3497 1069 3557; x_wconf 68' lang='grc'>1111111</span> <span class='ocrx_word' id='word_1_281' title='bbox 1086 3502 1123 3566; x_wconf 79' lang='lat' dir='ltr'>(ct</span> <span class='ocrx_word' id='word_1_282' title='bbox 1132 3500 1296 3570; x_wconf 74' lang='lat' dir='ltr'>Salmasius),</span> 
     </span>
     <span class='ocr_line' id='line_1_31' title="bbox 188 3580 1295 3650; baseline 0.005 -18"><span class='ocrx_word' id='word_1_283' title='bbox 188 3581 222 3632; x_wconf 85' lang='lat' dir='ltr'>ibi</span> <span class='ocrx_word' id='word_1_284' title='bbox 235 3599 275 3650; x_wconf 78' lang='grc' dir='ltr'>φν</span> <span class='ocrx_word' id='word_1_285' title='bbox 298 3580 309 3650; x_wconf 93' lang='grc'>1</span> <span class='ocrx_word' id='word_1_286' title='bbox 337 3583 353 3636; x_wconf 88' lang='grc'>6</span> <span class='ocrx_word' id='word_1_287' title='bbox 369 3598 415 3650; x_wconf 83' lang='lat' dir='ltr'>pro</span> <span class='ocrx_word' id='word_1_288' title='bbox 433 3582 555 3635; x_wconf 88' lang='lat' dir='ltr'>tribunali</span> <span class='ocrx_word' id='word_1_289' title='bbox 572 3584 754 3637; x_wconf 82' lang='lat' dir='ltr'>subuertilauit</span> <span class='ocrx_word' id='word_1_290' title='bbox 769 3583 810 3635; x_wconf 85' lang='lat' dir='ltr'>cal</span> <span class='ocrx_word' id='word_1_291' title='bbox 824 3599 870 3650; x_wconf 91' lang='lat' dir='ltr'>pro</span> <span class='ocrx_word' id='word_1_292' title='bbox 887 3584 1008 3636; x_wconf 85' lang='lat' dir='ltr'>tribunali</span> <span class='ocrx_word' id='word_1_293' title='bbox 1024 3583 1063 3636; x_wconf 82' lang='lat' dir='ltr'>bia</span> <span class='ocrx_word' id='word_1_294' title='bbox 1075 3585 1211 3638; x_wconf 80' lang='lat' dir='ltr'>cantilauit</span> <span class='ocrx_word' id='word_1_295' title='bbox 1219 3588 1259 3638; x_wconf 81' lang='lat' dir='ltr'>rt&#39;r</span> <span class='ocrx_word' id='word_1_296' title='bbox 1269 3585 1295 3638; x_wconf 76' lang='lat' dir='ltr'>d.</span> 
     </span>
     <span class='ocr_line' id='line_1_32' title="bbox 187 3663 1297 3735; baseline 0.005 -21"><span class='ocrx_word' id='word_1_297' title='bbox 187 3668 214 3714; x_wconf 80' lang='lat' dir='ltr'>ia</span> <span class='ocrx_word' id='word_1_298' title='bbox 225 3679 310 3730; x_wconf 72' lang='lat' dir='ltr'>marg.</span> <span class='ocrx_word' id='word_1_299' title='bbox 325 3663 386 3717; x_wconf 75' lang='lat' dir='ltr'>adit.</span> <span class='ocrx_word' id='word_1_300' title='bbox 398 3664 468 3716; x_wconf 83' lang='lat' dir='ltr'>lant.</span> <span class='ocrx_word' id='word_1_301' title='bbox 479 3665 666 3732; x_wconf 56' lang='lat' dir='ltr'>attasortasse</span> <span class='ocrx_word' id='word_1_302' title='bbox 677 3665 818 3718; x_wconf 81' lang='lat' dir='ltr'>nenditsuit</span> <span class='ocrx_word' id='word_1_303' title='bbox 838 3663 849 3733; x_wconf 91' lang='grc'>1</span> <span class='ocrx_word' id='word_1_304' title='bbox 873 3664 1073 3734; x_wconf 66' lang='lat' dir='ltr'>ructationes</span> <span class='ocrx_word' id='word_1_305' title='bbox 1100 3664 1111 3735; x_wconf 93' lang='grc'>1</span> <span class='ocrx_word' id='word_1_306' title='bbox 1139 3667 1154 3717; x_wconf 88' lang='grc'>8</span> <span class='ocrx_word' id='word_1_307' title='bbox 1171 3667 1297 3718; x_wconf 82' lang='lat' dir='ltr'>obiciebat</span> 
     </span>
     <span class='ocr_line' id='line_1_33' title="bbox 189 3742 1296 3816; baseline 0.004 -22"><span class='ocrx_word' id='word_1_308' title='bbox 189 3744 242 3812; x_wconf 69' lang='lat' dir='ltr'>up,</span> <span class='ocrx_word' id='word_1_309' title='bbox 257 3742 419 3797; x_wconf 89' lang='lat' dir='ltr'>obiiciebatv</span> <span class='ocrx_word' id='word_1_310' title='bbox 443 3743 453 3813; x_wconf 98' lang='grc'>1</span> <span class='ocrx_word' id='word_1_311' title='bbox 478 3745 507 3795; x_wconf 89' lang='grc'>11</span> <span class='ocrx_word' id='word_1_312' title='bbox 522 3746 707 3812; x_wconf 75' lang='lat' dir='ltr'>quirecnsase</span> <span class='ocrx_word' id='word_1_313' title='bbox 736 3743 742 3814; x_wconf 90' lang='grc'>1</span> <span class='ocrx_word' id='word_1_314' title='bbox 767 3747 954 3798; x_wconf 76' lang='lat' dir='ltr'>haereditaten</span> <span class='ocrx_word' id='word_1_315' title='bbox 981 3745 991 3816; x_wconf 92' lang='grc'>1</span> <span class='ocrx_word' id='word_1_316' title='bbox 1016 3747 1194 3813; x_wconf 72' lang='lat' dir='ltr'>llaeppulisti</span> <span class='ocrx_word' id='word_1_317' title='bbox 1206 3747 1236 3812; x_wconf 81' lang='lat' dir='ltr'>F,</span> <span class='ocrx_word' id='word_1_318' title='bbox 1253 3761 1296 3798; x_wconf 86' lang='lat' dir='ltr'>rc-</span> 
     </span>
     <span class='ocr_line' id='line_1_34' title="bbox 189 3819 1297 3898; baseline 0.005 -22"><span class='ocrx_word' id='word_1_319' title='bbox 189 3824 277 3891; x_wconf 81' lang='lat' dir='ltr'>pullati</span> <span class='ocrx_word' id='word_1_320' title='bbox 289 3840 330 3894; x_wconf 78' lang='grc' dir='ltr'>φν</span> <span class='ocrx_word' id='word_1_321' title='bbox 354 3822 364 3892; x_wconf 92' lang='grc'>1</span> <span class='ocrx_word' id='word_1_322' title='bbox 390 3825 950 3895; x_wconf 58' lang='grc' dir='ltr'>11111111φ111οαωα1ωιω1,11111111</span> <span class='ocrx_word' id='word_1_323' title='bbox 976 3825 988 3896; x_wconf 91' lang='grc'>1</span> <span class='ocrx_word' id='word_1_324' title='bbox 1016 3828 1048 3880; x_wconf 86' lang='grc'>16</span> <span class='ocrx_word' id='word_1_325' title='bbox 1064 3819 1205 3896; x_wconf 73' lang='lat' dir='ltr'>reliquiar</span> <span class='ocrx_word' id='word_1_326' title='bbox 1235 3829 1240 3898; x_wconf 89' lang='grc'>1</span> <span class='ocrx_word' id='word_1_327' title='bbox 1266 3844 1297 3882; x_wconf 82' lang='lat' dir='ltr'>ao</span> 
     </span>
     <span class='ocr_line' id='line_1_35' title="bbox 190 3904 1296 3976; baseline 0.007 -21"><span class='ocrx_word' id='word_1_328' title='bbox 190 3905 238 3968; x_wconf 84' lang='lat' dir='ltr'>cir]</span> <span class='ocrx_word' id='word_1_329' title='bbox 252 3919 282 3954; x_wconf 87' lang='lat' dir='ltr'>ac</span> <span class='ocrx_word' id='word_1_330' title='bbox 295 3905 337 3971; x_wconf 86' lang='lat' dir='ltr'>qni</span> <span class='ocrx_word' id='word_1_331' title='bbox 350 3904 516 3959; x_wconf 72' lang='lat' dir='ltr'>casaubonus</span> <span class='ocrx_word' id='word_1_332' title='bbox 541 3906 546 3976; x_wconf 88' lang='grc'>1</span> <span class='ocrx_word' id='word_1_333' title='bbox 572 3908 758 3973; x_wconf 82' lang='lat' dir='ltr'>acerbissimas]</span> <span class='ocrx_word' id='word_1_334' title='bbox 771 3908 960 3975; x_wconf 83' lang='lat' dir='ltr'>acceptissimas</span> <span class='ocrx_word' id='word_1_335' title='bbox 972 3907 1095 3974; x_wconf 70' lang='lat' dir='ltr'>baascha,</span> <span class='ocrx_word' id='word_1_336' title='bbox 1111 3911 1296 3963; x_wconf 78' lang='lat' dir='ltr'>amentissimus</span> 
     </span>
     <span class='ocr_line' id='line_1_36' title="bbox 188 3984 1298 4060; baseline 0.009 -26"><span class='ocrx_word' id='word_1_337' title='bbox 188 3984 382 4038; x_wconf 76' lang='lat' dir='ltr'>Hdaaoraaatas</span> <span class='ocrx_word' id='word_1_338' title='bbox 405 3985 416 4054; x_wconf 94' lang='grc'>1</span> <span class='ocrx_word' id='word_1_339' title='bbox 441 3989 471 4038; x_wconf 84' lang='grc'>11</span> <span class='ocrx_word' id='word_1_340' title='bbox 486 3989 615 4040; x_wconf 85' lang='lat' dir='ltr'>litterosv</span> <span class='ocrx_word' id='word_1_341' title='bbox 641 3987 646 4057; x_wconf 87' lang='grc'>1</span> <span class='ocrx_word' id='word_1_342' title='bbox 672 3989 896 4044; x_wconf 75' lang='lat' dir='ltr'>matristhdas</span> <span class='ocrx_word' id='word_1_343' title='bbox 921 3987 926 4057; x_wconf 90' lang='grc' dir='ltr'>Ι</span> <span class='ocrx_word' id='word_1_344' title='bbox 953 3991 1040 4055; x_wconf 85' lang='lat' dir='ltr'>dictet]</span> <span class='ocrx_word' id='word_1_345' title='bbox 1054 3991 1139 4044; x_wconf 85' lang='lat' dir='ltr'>deleat</span> <span class='ocrx_word' id='word_1_346' title='bbox 1150 3991 1271 4046; x_wconf 68' lang='lat' dir='ltr'>Pieridas</span> <span class='ocrx_word' id='word_1_347' title='bbox 1294 3991 1298 4060; x_wconf 86' lang='grc'>1</span> 
     </span>
     <span class='ocr_line' id='line_1_37' title="bbox 189 4066 1299 4141; baseline 0.008 -24"><span class='ocrx_word' id='word_1_348' title='bbox 189 4073 215 4118; x_wconf 88' lang='lat' dir='ltr'>ct</span> <span class='ocrx_word' id='word_1_349' title='bbox 230 4066 319 4120; x_wconf 78' lang='lat' dir='ltr'>addidi</span> <span class='ocrx_word' id='word_1_350' title='bbox 345 4066 356 4136; x_wconf 91' lang='grc'>1</span> <span class='ocrx_word' id='word_1_351' title='bbox 385 4068 640 4130; x_wconf 64' lang='lat' dir='ltr'>renunciatione:</span> <span class='ocrx_word' id='word_1_352' title='bbox 659 4071 1007 4124; x_wconf 80' lang='lat' dir='ltr'>huiusmcndaciil’ra‘caeus</span> <span class='ocrx_word' id='word_1_353' title='bbox 1038 4071 1044 4139; x_wconf 87' lang='grc' dir='ltr'>Ι</span> <span class='ocrx_word' id='word_1_354' title='bbox 1073 4071 1299 4141; x_wconf 71' lang='lat' dir='ltr'>haereditatiavll</span> 
     </span>
     <span class='ocr_line' id='line_1_38' title="bbox 189 4147 1298 4224; baseline 0.012 -26"><span class='ocrx_word' id='word_1_355' title='bbox 189 4147 218 4199; x_wconf 77' lang='lat'>21</span> <span class='ocrx_word' id='word_1_356' title='bbox 238 4155 325 4213; x_wconf 86' lang='lat' dir='ltr'>preter</span> <span class='ocrx_word' id='word_1_357' title='bbox 341 4164 398 4200; x_wconf 87' lang='lat' dir='ltr'>enm</span> <span class='ocrx_word' id='word_1_358' title='bbox 414 4149 472 4219; x_wconf 77' lang='lat' dir='ltr'>an,</span> <span class='ocrx_word' id='word_1_359' title='bbox 489 4159 678 4218; x_wconf 84' lang='lat' dir='ltr'>practerecmv</span> <span class='ocrx_word' id='word_1_360' title='bbox 705 4150 715 4221; x_wconf 93' lang='grc'>1</span> <span class='ocrx_word' id='word_1_361' title='bbox 744 4154 776 4204; x_wconf 78' lang='grc'>22</span> <span class='ocrx_word' id='word_1_362' title='bbox 792 4168 882 4218; x_wconf 71' lang='lat' dir='ltr'>magna</span> <span class='ocrx_word' id='word_1_363' title='bbox 892 4151 1048 4207; x_wconf 68' lang='lat' dir='ltr'>Sacranas:</span> <span class='ocrx_word' id='word_1_364' title='bbox 1064 4154 1146 4218; x_wconf 69' lang='lat' dir='ltr'>magio</span> <span class='ocrx_word' id='word_1_365' title='bbox 1158 4155 1231 4224; x_wconf 74' lang='lat' dir='ltr'>va:</span> <span class='ocrx_word' id='word_1_366' title='bbox 1249 4154 1298 4210; x_wconf 81' lang='lat' dir='ltr'>dal.</span> 
     </span>
     <span class='ocr_line' id='line_1_39' title="bbox 190 4229 1296 4303; baseline 0.006 -24"><span class='ocrx_word' id='word_1_367' title='bbox 190 4229 322 4281; x_wconf 77' lang='lat' dir='ltr'>Acidaliae</span> <span class='ocrx_word' id='word_1_368' title='bbox 350 4229 360 4300; x_wconf 90' lang='grc'>1</span> <span class='ocrx_word' id='word_1_369' title='bbox 389 4231 421 4282; x_wconf 82' lang='grc'>23</span> <span class='ocrx_word' id='word_1_370' title='bbox 437 4232 609 4284; x_wconf 85' lang='lat' dir='ltr'>haerediolum</span> <span class='ocrx_word' id='word_1_371' title='bbox 626 4250 643 4285; x_wconf 84' lang='lat' dir='ltr'>v</span> <span class='ocrx_word' id='word_1_372' title='bbox 671 4231 681 4301; x_wconf 93' lang='grc'>1</span> <span class='ocrx_word' id='word_1_373' title='bbox 709 4235 742 4286; x_wconf 82' lang='grc'>24</span> <span class='ocrx_word' id='word_1_374' title='bbox 758 4233 807 4287; x_wconf 78' lang='lat' dir='ltr'>bx</span> <span class='ocrx_word' id='word_1_375' title='bbox 823 4234 868 4303; x_wconf 78' lang='lat' dir='ltr'>Pap</span> <span class='ocrx_word' id='word_1_376' title='bbox 899 4234 903 4302; x_wconf 91' lang='grc' dir='ltr'>Ι</span> <span class='ocrx_word' id='word_1_377' title='bbox 934 4249 983 4285; x_wconf 89' lang='lat' dir='ltr'>non</span> <span class='ocrx_word' id='word_1_378' title='bbox 999 4248 1038 4286; x_wconf 89' lang='lat' dir='ltr'>mc</span> <span class='ocrx_word' id='word_1_379' title='bbox 1054 4250 1109 4287; x_wconf 88' lang='lat' dir='ltr'>meo</span> <span class='ocrx_word' id='word_1_380' title='bbox 1127 4236 1258 4288; x_wconf 71' lang='lat' dir='ltr'>Acidaliae</span> <span class='ocrx_word' id='word_1_381' title='bbox 1285 4234 1296 4302; x_wconf 94' lang='grc'>1</span> 
     </span>
     <span class='ocr_line' id='line_1_40' title="bbox 189 4311 685 4384; baseline 0.01 -22"><span class='ocrx_word' id='word_1_382' title='bbox 189 4313 220 4362; x_wconf 78' lang='lat' dir='ltr'>ut</span> <span class='ocrx_word' id='word_1_383' title='bbox 239 4311 365 4364; x_wconf 86' lang='lat' dir='ltr'>Coruinus</span> <span class='ocrx_word' id='word_1_384' title='bbox 377 4312 493 4365; x_wconf 83' lang='lat' dir='ltr'>Clemens</span> <span class='ocrx_word' id='word_1_385' title='bbox 505 4313 651 4367; x_wconf 74' lang='lat' dir='ltr'>Salmasius</span> <span class='ocrx_word' id='word_1_386' title='bbox 674 4315 685 4384; x_wconf 91' lang='grc'>1</span> 
     </span>
    </p>
   </div>
   <div class='ocr_carea' id='block_1_5' title="bbox 0 0 1631 5028">
    <p class='ocr_par' dir='ltr' id='par_1_6' title="bbox 0 0 1631 5028">
     <span class='ocr_line' id='line_1_41' title="bbox 0 0 1631 5028; baseline 0 0"><span class='ocrx_word' id='word_1_387' title='bbox 0 0 1631 5028; x_wconf 95' lang='lat' dir='ltr'> </span> 
     </span>
    </p>
   </div>
  </div>
 </body>
</html>
