3232 5028
491 467 497 480 ·
543 510 547 516 .
622 423 627 434 ¹
670 468 843 526 woratoru
1272 473 1314 539 ω

127 557 171 601 rra
184 558 289 602 orasse
1279 557 1372 601 eum
1383 557 1458 602 esso

198 627 267 690 dem
282 623 493 691 comdentem
512 642 578 690 esse
591 625 674 690 aium
694 623 938 707 quaeritemus:
958 631 991 689 nt
1006 630 1040 690 tu
1058 621 1096 686 de
1113 623 1171 690 illis
1190 639 1313 722 quoquo

195 731 347 806 adfirmas,
363 749 437 810 quae
450 746 546 810 neque
560 728 739 812 conspexisti
752 745 887 810 unquam
896 745 994 810 ueqrm
1009 727 1124 790 audisti.
1145 728 1309 793 Pontianus

200 834 227 896 si
245 835 361 898 uiueret
380 840 468 914 atque
487 851 557 894 eum
575 832 784 914 interrogares,
809 849 884 914 quae
901 831 1012 894 fuerint
1031 831 1064 892 iu
1077 831 1127 894 iiio
1142 832 1308 908 inuoluoro,

199 937 314 1000 uesoire
329 955 361 998 se
375 935 577 1016 responderet.
607 935 730 998 libertus
744 933 852 1009 eoeille,
874 935 924 1014 qui
942 935 1033 997 olauis
1053 934 1116 997 eius
1130 933 1188 997 looi
1202 935 1238 998 in
1251 936 1309 998 ho·

163 1053 179 1103 t
201 1038 337 1102 eternum
356 1037 444 1100 habet
462 1043 492 1098 et
511 1055 529 1097 a
548 1035 634 1100 uobis
654 1041 722 1112 stat,
742 1055 896 1117 nunquam
916 1055 948 1099 se
968 1037 1008 1098 ait
1021 1037 1193 1119 inspexisse,
1214 1055 1309 1120 qusn-

201 1157 289 1220 quam
303 1140 368 1220 ipse
381 1139 507 1220 aperiret
521 1145 625 1220 utpote
639 1157 764 1220 promus
779 1139 923 1201 librorum
939 1138 990 1220 qui
1013 1139 1073 1201 illio
1098 1147 1181 1202 erant
1200 1139 1310 1204 mama

200 1260 293 1326 paene
314 1241 445 1322 quotidie
464 1248 493 1302 et
512 1242 675 1318 clauderet,
691 1259 778 1323 saepe
797 1241 964 1316 nobiseum,
984 1243 1079 1303 multo
1095 1243 1211 1324 saepius
1227 1243 1309 1306 solus

199 1345 330 1420 intraret,
345 1345 469 1406 linteum
483 1345 515 1406 iu
529 1363 633 1407 mensa
651 1345 783 1425 positum
802 1349 936 1406 oemeret
956 1343 1019 1406 sine
1039 1344 1099 1406 ullo
1120 1344 1225 1425 sigillo,
1246 1343 1310 1406 siue

198 1448 329 1512 niuoulo.
360 1446 462 1527 qmdni
477 1445 581 1510 euim?
603 1447 732 1528 magioee
746 1464 794 1508 res
808 1446 840 1508 in
855 1465 890 1507 eo
906 1445 1143 1510 occultabantur:
1159 1465 1194 1508 eo
1204 1445 1310 1526 ,regio

149 1565 181 1616 to
201 1550 319 1631 gentius·
330 1549 523 1612 adseruabam
536 1549 654 1612 tritaet.
684 1549 764 1615 enim
783 1548 872 1610 libere
892 1549 1084 1612 scrutandum
1103 1554 1132 1608 et
1145 1547 1310 1631 inspicien-

130 1677 188 1730 (ω)
203 1654 286 1730 dum,
301 1652 327 1715 si
341 1652 556 1726 liberet-etiam
571 1651 764 1726 auferendum
784 1658 895 1712 temere
914 1651 1105 1732 exponebam,
1127 1651 1236 1713 aberrem
1256 1667 1309 1713 eu·

201 1755 315 1818 stadiae
339 1751 594 1829 oommendabam,
619 1753 714 1816 alieno
735 1754 855 1816 arbitrio
880 1739 1096 1834 permittebant.
1133 1752 1204 1833 qiud
1222 1753 1311 1832 igitur

199 1857 475 1939 impraesentiarum
490 1857 536 1918 uis
550 1855 603 1918 tibi
618 1853 719 1919 orodi?
743 1855 860 1938 quodne
870 1854 1033 1919 Pontianus
1047 1855 1185 1918 uetuerit
1199 1855 1249 1936 qui
1262 1855 1311 1916 in-

201 1959 322 2022 diuiduo
338 1957 532 2020 contubernio
546 1976 665 2020 meeum
678 1957 761 2034 uixit,
780 1959 811 2020 id
832 1967 862 2022 te
877 1957 972 2034 seire,
983 1975 1071 2039 quem
1090 1975 1244 2038 nunquam
1263 1956 1311 2020 ui·

150 2066 181 2117 15
201 2062 296 2125 desim
314 2061 372 2124 nisi
391 2080 446 2142 pro
471 2057 635 2122 tribunali?
665 2078 703 2122 an
723 2061 803 2141 quod
821 2061 944 2123 meatus
963 2061 1113 2136 adsiduus,
1140 2061 1187 2122 eui
1212 2059 1310 2123 omnis

200 2163 323 2226 bonius
337 2163 510 2242 inspiciendi
525 2163 590 2238 fuit,
613 2163 692 2242 quod
712 2162 737 2224 is
757 2163 880 2225 libertus
900 2179 963 2224 non
981 2163 1097 2238 uiderit,
1117 2169 1147 2224 te
1167 2162 1217 2243 qui
1232 2178 1311 2224 non·

203 2285 291 2348 ptam
310 2259 345 2330 eo
367 2267 525 2329 accesseris
544 2262 677 2328 uidisse?
705 2265 832 2345 denique
848 2271 882 2326 ut
903 2265 982 2346 quod
1002 2283 1065 2328 uon
1079 2264 1188 2340 uidisti,
1211 2264 1241 2326 id
1255 2264 1312 2326 tale

173 2353 177 2372 ’
201 2369 290 2432 tuero
305 2368 489 2449 quarentes:
517 2367 606 2448 aon,
627 2369 725 2442 stne,
742 2368 767 2430 si
786 2367 1154 2431 sensumsensurn
1170 2366 1312 2452 aurato·
1346 2385 1348 2389 ·

198 2472 342 2552 nepisses,
357 2471 495 2551 quioqtud
510 2489 545 2534 ex
559 2467 595 2532 'eo
609 2488 773 2551 promeres,
790 2488 844 2549 ego
859 2469 1007 2550 magicum
1020 2489 1171 2550 negarem.

150 2578 183 2630 2⁰
289 2573 354 2635 Tibi
369 2573 441 2634 adeo
457 2573 606 2654 permitto,
621 2573 699 2653 tinge
714 2572 841 2652 medrus,
855 2573 1053 2648 reminiscere,
1073 2573 1214 2654 excogita,
1229 2570 1309 2653 quod
1327 2575 1392 2628 Lini

203 2675 299 2757 possit
312 2676 458 2756 magicum
472 2675 581 2738 uideri:
602 2676 754 2738 tumendo
773 2694 810 2738 eo
830 2683 929 2739 tenum
948 2675 1137 2738 desertorem.
1162 2673 1167 2754 1
1190 2682 1242 2737 aut
1253 2692 1309 2756 ego
1324 2694 1399 2737 rus.

204 2779 370 2842 sobiemum
388 2778 521 2840 dicerem
537 2786 588 2840 aut
607 2778 738 2842 remedio
757 2785 910 2860 acceptum
929 2786 981 2841 aut
999 2797 1084 2842 saoro
1101 2779 1244 2842 traditum
1263 2783 1313 2840 ant

204 2881 320 2946 somnio
336 2881 524 2961 imperatum.
550 2881 630 2944 mille
645 2881 700 2942 alia
714 2889 787 2944 sunt
800 2881 906 2962 quibus
921 2900 1042 2963 possem
1062 2899 1146 2943 more
1160 2879 1313 2943 oommrmi

203 2991 233 3045 et
253 2984 456 3065 umgatimima
480 2983 720 3046 observationum
739 2984 954 3047 consuetudine
971 3001 1042 3045 uere
1060 2983 1197 3046 refutare.
1233 2995 1314 3046 mmo

152 3094 186 3146 2⁵
207 3087 238 3150 id
259 3088 401 3168 postulas,
427 3093 461 3149 nt
480 3087 559 3166 quod
578 3086 795 3168 deprehensum
820 3093 851 3148 et
874 3086 1026 3148 detentum
1050 3091 1152 3150 tarneu
1174 3084 1313 3148 nibil-me

208 3190 284 3270 apud
304 3189 419 3252 bouum
438 3189 565 3253 iudicem
583 3189 720 3264 laederet,
735 3188 765 3252 id
780 3187 861 3284 inani
880 3186 1045 3267 suspitione
1058 3187 1205 3252 incernam
1223 3193 1254 3250 et
1266 3187 1313 3250 in-

268 3499 279 3550 1
295 3498 361 3562 esse]
374 3460 437 3549 ‹exeit
458 3495 469 3566 i
492 3499 508 3550 2
521 3497 634 3551 affirmas
646 3514 688 3569 φν
711 3494 722 3566 i
746 3499 761 3550 3
774 3498 948 3562 interrogares
960 3513 987 3563 v,
998 3498 1171 3562 interrogaret
1181 3497 1239 3567 lips
1248 3497 1315 3566 sor·-

208 3585 278 3636 tasse
288 3580 483 3644 interrogaretis
506 3577 518 3650 ll
540 3582 557 3633 4
570 3597 597 3632 se
610 3581 743 3650 nescirent
758 3578 762 3648 Ι
777 3581 885 3632 libertus
898 3579 987 3634 eoeille
1000 3580 1056 3651 ov,
1068 3579 1176 3632 libertus
1187 3588 1215 3638 et
1226 3577 1315 3650 ljbelr-

205 3661 338 3713 tuseoeille
351 3661 380 3726 F,
393 3662 502 3712 libertus
514 3663 589 3712 etiam
601 3663 646 3714 ille
660 3679 673 3719 ς
696 3660 706 3730 ΙΙ
731 3663 745 3712 7
759 3661 851 3724 cotidie
863 3660 887 3713 V
910 3659 921 3730 ΙΙ
945 3661 1137 3728 bnegligentius
1150 3661 1213 3731 Frpv
1230 3659 1238 3730 1
1252 3677 1315 3714 eone

207 3737 351 3806 diligentius
361 3743 542 3794 adseruabami
557 3743 654 3796 Gudius
666 3743 700 3796 od
710 3743 821 3795 Pbosdr.
832 3741 843 3794 i
856 3743 888 3793 25
905 3739 916 3810 ΙΙ
941 3744 972 3794 10
985 3745 1092 3796 seilicet.
1110 3745 1175 3796 euim
1190 3741 1314 3798 Bossobo:

207 3824 252 3874 sed
264 3823 305 3872 eui
317 3821 371 3886 FV,
382 3825 427 3874 sed
439 3822 535 3892 enimn>
549 3822 558 3892 ΙΙ
572 3826 603 3876 13
615 3825 842 3892 inpraesentiarum
854 3840 872 3876 v
886 3821 891 3892 Ι
907 3826 972 3891 quod
985 3823 1122 3877 Pontianus
1135 3827 1233 3892 quidem
1244 3824 1315 3877 Sori-

206 3907 292 3956 om'ue
318 3900 322 3970 i
338 3903 364 3953 in
375 3903 503 3956 indiuiduo
515 3903 659 3961 Seriverius
683 3903 693 3973 il
718 3906 877 3960 toassiduns
889 3902 959 3976 φη
978 3906 1011 3958 16
1022 3910 1100 3961 verta
1115 3909 1182 3974 quod
1198 3908 1221 3960 is
1237 3909 1316 3962 liber-

208 3993 251 4038 tas
272 3983 380 4038 animm
403 3990 482 4053 putot
500 3986 629 4040 mamm:
654 3989 731 4042 aerbo
752 3987 793 4040 eui
815 3988 895 4040 omnis
908 4015 926 4028 -
940 3988 1048 4044 libertus
1069 3989 1200 4042 rodoam
1220 3989 1319 4042 monuit

206 4067 321 4120 Boneita
344 4063 354 4134 ΙΙ
379 4067 413 4120 20
423 4068 612 4125 oomminiseera
625 4068 733 4135 Cetrius,
747 4069 895 4134 eminisoere
908 4070 1033 4122 Prieneus
1054 4069 1064 4138 u
1093 4071 1126 4122 23
1139 4071 1318 4138 imperaturis

205 4147 214 4216 i
234 4150 267 4200 24
280 4147 485 4202 obseerationam
496 4152 601 4220 seripsi:
612 4149 818 4206 obarmatiooum
829 4150 894 4220 Fur
921 4149 931 4221 ΙΙ
955 4152 988 4204 25
1006 4152 1189 4218 deprehensam
1203 4151 1259 4224 up,
1274 4166 1317 4202 re-

204 4231 355 4362 probenssrm
367 4229 402 4380 th:
415 4245 445 4281 re
455 4229 604 4298 probantum
616 4231 811 4288 Hildebraoditu
837 4230 843 4300 Ι
873 4234 1002 4288 detectum
1013 4233 1122 4288 unone
1145 4233 1156 4304 ΙΙ
1183 4234 1218 4286 26
1233 4247 1317 4300 smps-

206 4326 278 4363 erone
315 4327 356 4380 φν
1250 4355 1251 4362 ,
