3232 5028
306 437 348 501 53
648 431 678 486 a.
697 430 821 487 aevum
832 429 1069 486 murmurem
1334 483 1339 491 .

159 523 249 566 aiiii,
263 522 338 564 titii.
1326 518 1370 560 Ed.
1385 519 1490 566 ortena

311 589 520 652 sarmatiam
534 587 696 652 liberorum
712 586 995 668 pauciadhibentur.
1025 591 1055 648 et
1072 591 1107 650 tu
1128 586 1295 667 quindecim
1316 605 1422 654 seruos

252 719 255 724 ¹
312 693 358 754 nis
373 688 567 754 interfuisse?
581 690 738 772 nuptiaene
751 690 817 752 illae
826 691 947 752 fuerumt
957 704 996 750 au
1006 686 1084 750 aliud
1095 687 1274 752 celebratum
1290 688 1422 752 officium

312 810 349 857 au
365 793 538 856 ooniuuium
549 790 784 874 tempestiuum?
797 790 964 873 quindecim
974 789 1053 852 sertui
1065 807 1182 854 sacrum
1194 791 1339 871 magicum
1351 810 1422 872 par·

311 897 432 978 ticipant
446 897 529 976 quasi
544 895 769 976 quindecimuiri
782 895 872 958 sacris
883 892 1028 956 inmundis
1039 892 1200 956 creanoui
1210 900 1310 956 tamen
1320 894 1364 956 rei
1376 899 1422 957 tot

261 1009 285 1072 J
311 1017 437 1064 numero
452 999 661 1073 adhibuissem,
673 978 708 1060 ssi
722 997 903 1060 consecutio
915 998 1004 1058 nawa
1016 993 1106 1057 nimis
1119 996 1205 1058 multi
1220 993 1312 1059 sunt?
1334 995 1421 1076 quiu-
1442 1019 1457 1070 5

313 1100 408 1164 decim
427 1100 510 1163 liberi
528 1101 665 1162 homiues
685 1103 814 1182 populns
833 1106 893 1176 est,
911 1098 1035 1161 totidem
1055 1096 1133 1159 serui
1152 1096 1277 1172 familia,
1296 1098 1421 1162 totidem

311 1203 403 1266 uincti
423 1204 613 1283 ergastulum.
647 1220 686 1265 an
706 1203 851 1266 adiutorio
871 1201 1033 1264 multitudo
1051 1217 1156 1262 eorum
1176 1201 1341 1263 necessasia
1355 1201 1420 1275 luit,

312 1305 363 1387 qui
376 1305 488 1367 diutine
501 1304 614 1368 hostias
628 1305 757 1370 lustralia
766 1301 924 1367 tormenti
946 1310 976 1364 at
988 1303 1084 1365 ninias
1100 1302 1212 1368 hostias
1227 1303 1286 1366 nisi
1299 1303 1420 1383 gallinas
1433 1333 1490 1387 (scs)

311 1408 497 1472 nominastis.
527 1427 565 1470 an
584 1414 618 1471 ut
637 1428 727 1490 grana
745 1408 820 1472 turis
839 1401 1052 1470 numerarent?
1082 1422 1121 1468 an
1140 1410 1174 1466 ut
1190 1405 1328 1468 Thallum
1348 1424 1421 1487 pro·

314 1507 502 1578 siemerelii?
1442 1539 1473 1594 ΙΙ

137 1626 300 1683 xxxxviii
402 1613 552 1678 llulierem
571 1613 659 1676 etiam
683 1613 806 1676 liberam
830 1611 1002 1693 perductam
1027 1608 1063 1671 ad
1088 1627 1137 1671 me
1160 1609 1284 1672 domum
1310 1610 1422 1674 dixistis

314 1717 446 1782 eiusdem
466 1715 560 1778 Thalli
581 1717 774 1791 ualetudinis,
800 1733 889 1796 (Ιιιιιιι
913 1733 967 1793 ego
991 1710 1138 1792 pollicitus
1158 1712 1216 1774 sim
1234 1720 1421 1776 curaturum:

314 1837 380 1882 mm
395 1835 513 1898 quoque
527 1836 604 1879 ame
614 1817 791 1880 incantatam
801 1817 959 1879 corrubse.
980 1822 1014 1877 ut
1030 1814 1128 1891 uideo,
1143 1833 1199 1877 uos
1213 1817 1421 1896 palaestritam,

266 1947 283 1979 a
313 1937 376 1984 nou
392 1919 699 2002 ¹maqtun‘accusatum
713 1919 851 1982 uenistis:
869 1918 910 1979 ita
925 1917 1022 1980 omnis
1038 1917 1088 1997 qui
1101 1935 1150 1980 me
1164 1935 1313 1980 accessere
1327 1919 1422 1982 dicitis

314 2023 462 2087 cecidisse.
491 2022 609 2101 negauit
624 2028 723 2086 tamen
737 2027 894 2102 quaerente
908 2027 947 2094 te,
958 2007 1092 2094 Maxime,
1107 2019 1269 2082 Themison
1279 2020 1420 2096 medicus,
1443 2041 1474 2094 15

314 2147 331 2190 a
346 2145 405 2208 quo
420 2125 526 2188 mulier
544 2124 581 2186 ad
598 2124 813 2206 inspiciendum
828 2123 968 2204 perducta
987 2129 1044 2198 est,
1063 2122 1220 2203 quicquam
1234 2119 1247 2207 ΙΙ
1262 2124 1338 2186 ultra
1351 2142 1422 2205 pas-

315 2247 389 2304 sam,
404 2228 461 2291 nisi
476 2227 625 2308 quaesisse
640 2246 697 2303 me,
713 2227 818 2309 ecquid
831 2226 873 2288 illi
893 2244 979 2288 aures
994 2225 1175 2288 obtinnirent
1191 2232 1220 2288 et
1233 2233 1300 2289 utra
1318 2245 1422 2290 earum

283 2329 422 2412 ‘magist
447 2329 498 2393 ubi
522 2319 717 2412 iespondegit,
745 2331 894 2392 dexteram
919 2328 975 2390 sihi
998 2345 1100 2390 aurem
1119 2327 1208 2390 nimis
1227 2328 1396 2409 inquietam,
1416 2325 1422 2412 Ι

225 2466 241 2507 ι.
251 2465 297 2504 ιι..
314 2434 470 2498 confestim
486 2432 665 2496 discessisse.
694 2435 743 2496 hie
757 2451 821 2513 ego,
836 2431 969 2506 Maxime,
1009 2447 1158 2510 uanquam
1178 2431 1280 2493 sedulo
1302 2433 1420 2514 inprae'-
1435 2459 1495 2516 (sos)

237 2589 248 2613 ,.
315 2536 477 2600 aenhamm
495 2553 513 2596 a
536 2535 671 2598 laudibus
690 2536 750 2598 tm's
769 2543 914 2616 tempere,
939 2449 1045 2647 aerini
1063 2533 1116 2594 tibi
1138 2533 1178 2595 ob
1196 2551 1315 2598 carmem
1334 2533 1421 2597 istam
1442 2551 1478 2604 ao

227 2637 230 2642 '
313 2637 415 2700 uidmr
434 2635 597 2711 blanditus,
620 2645 721 2700 nmen
747 2637 907 2700 sollertiam
925 2643 1008 2698 tuam
1032 2635 1064 2698 in
1083 2638 1284 2716 percontando
1308 2653 1423 2716 nequeo

316 2739 387 2820 quin
400 2739 526 2800 laudem.
556 2739 669 2803 dudum
683 2740 772 2815 enim,
788 2759 857 2802 cum
871 2740 944 2803 haee
957 2739 1136 2820 agitmentur
1150 2746 1179 2801 et
1190 2738 1233 2800 illi
1245 2740 1423 2802 incantatam

315 2841 471 2904 murlierem
496 2840 636 2915 dicerem,
661 2843 793 2906 medicus
820 2843 870 2924 qui
894 2843 1029 2904 adhrerat
1052 2841 1202 2916 abnueret,
1227 2843 1367 2922 qeaesim
1388 2849 1423 2906 tu

314 2942 403 3005 nimis
418 2961 507 3024 quam
521 2944 691 3025 prudenter,
707 2947 788 3026 quod
802 2945 875 3008 mihi
890 2945 1124 3007 emolumentum
1141 2944 1232 3007 inerit
1245 2944 1421 3008 incantandi.

318 3045 549 3128 responderunt:
562 3037 612 3109 ‘ut
625 3048 732 3112 mulier
745 3038 862 3111 rueret?
889 3038 977 3128 tquid
995 3045 1121 3109 deinde?
1135 3055 1254 3110 mortua
1268 3037 1351 3110 esti'
1368 3047 1420 3110 in·
1442 3071 1478 3122 25

316 3148 391 3228 quia.
419 3155 572 3228 negarunt
598 3140 687 3231 ‘quid
706 3152 775 3230 ergo
799 3146 917 3212 naas?
946 3149 1025 3230 quod
1042 3148 1147 3229 Apulei
1168 3149 1375 3224 commodum,
1397 3149 1422 3211 si

278 3236 297 3276 s
314 3243 457 3315 ruisseti‘
480 3251 521 3314 ita
534 3250 614 3315 enim
628 3253 750 3336 pulchre
764 3271 798 3316 ao
812 3259 1035 3334 perseueranter
1047 3229 1136 3315 iertio
1151 3252 1299 3333 quaesisti,
1319 3260 1354 3314 ut
1373 3251 1422 3332 qui

384 3485 579 3557 ladlbeuturqr
613 3485 619 3557 Ι
656 3485 965 3558 restaurationes
998 3484 1423 3556 l3erapl41ruiriTllb

316 3567 339 3619 si
350 3567 505 3620 conscientia
516 3569 591 3619 unius
607 3569 680 3621 nimis
696 3585 729 3622 m.
743 3585 764 3621 s.
784 3569 951 3622 watenes
972 3569 1020 3633 (cel
1043 3568 1065 3618 si
1081 3566 1237 3620 couscientia
1256 3569 1329 3620 unios
1349 3569 1423 3620 multi

315 3649 396 3712 aaatlr
409 3649 432 3700 si
444 3650 614 3701 conscientiae
627 3651 699 3703 nimis
717 3651 862 3703 multisunt
876 3650 952 3720 nors
969 3651 992 3700 ai
1008 3649 1178 3702 conscientiae
1194 3665 1259 3701 uuus
1275 3649 1349 3701 multi
1365 3655 1424 3701 sunt

314 3729 462 3783 moenem
488 3729 493 3798 Ι
517 3747 545 3782 ar
558 3731 603 3801 Tm
623 3730 634 3800 Ι
655 3732 779 3786 8diutino
793 3732 891 3784 Colotes
914 3729 925 3800 Ι
951 3731 1132 3782 bnomiuastis
1149 3747 1181 3782 au
1196 3740 1226 3784 ut
1241 3749 1273 3801 φ,
1290 3730 1424 3784 mutanti

315 3811 443 3876 aeneiaF,
457 3813 590 3866 nominasti
603 3815 719 3869 saneitV
744 3817 751 3883 Ι
776 3813 895 3883 thuriae
921 3809 927 3881 Ι
953 3815 1127 3878 numerarent]
1140 3813 1424 3866 mundarentl'n'caaus

212 3890 214 3898 ’
313 3891 322 3961 Ι
344 3892 376 3945 12
389 3892 479 3945 Thallo
494 3893 662 3948 casaubonus
677 3895 682 3963 Ι
696 3895 843 3948 ualitudinis
856 3909 896 3964 φιι
941 3892 973 3945 13
985 3893 1136 3947 incantatam
1149 3911 1163 3946 a
1175 3910 1214 3946 mo
1227 3911 1244 3946 v
1259 3893 1270 3962 ΙΙ
1292 3895 1324 3945 11
1336 3907 1424 3946 acees-

315 3990 374 4027 sero
387 3970 441 4039 iv,
454 3976 635 4035 accesseriutr
666 3976 671 4047 Ι
706 3977 883 4034 interdicitisr
914 3973 925 4046 Ι
958 3975 988 4028 tt
1006 3991 1092 4026 earum
1105 3993 1124 4043 ς,
1146 3991 1233 4027 eorum
1254 3975 1317 4044 iipv
1343 3972 1360 4044 Ι
1393 3973 1423 4028 18

316 4055 447 4108 deretrana
458 4057 489 4123 T,
501 4059 634 4111 dexteram
646 4077 678 4130 φ,
694 4061 841 4112 dextramv
872 4056 883 4127 Ι
917 4059 948 4112 19
964 4055 1181 4110 baecScrtvare‘ua
1211 4056 1216 4126 Ι
1243 4071 1424 4126 quamquamqr

314 4132 565 4202 impraesentiarum
576 4156 594 4193 r
615 4141 627 4212 Ι
651 4143 683 4195 20
696 4158 726 4194 ue
739 4141 782 4192 ubi
793 4157 810 4192 v
834 4138 844 4210 Ι
861 4140 891 4191 21
906 4140 1092 4210 perconctando
1105 4139 1150 4210 Γφ
1178 4137 1189 4210 Ι
1212 4139 1245 4192 23
1258 4137 1366 4190 affuerat
1378 4155 1401 4210 φ
1412 4135 1424 4206 Ι

315 4269 349 4322 24
361 4271 555 4328 emolumentum
566 4276 587 4329 F
610 4276 622 4346 Ι
645 4277 678 4328 25
691 4222 784 4344 quaem
796 4293 820 4346 φ
843 4273 854 4344 ΙΙ
885 4275 919 4328 26
930 4273 1022 4342 apulsa
1033 4274 1066 4340 V,
1078 4273 1179 4342 Apuleii
1190 4274 1237 4345 Γφ
1259 4271 1271 4344 Ι
