3226 5026
642 479 830 537 ‘aromata
940 523 943 530 .
1261 485 1303 548 49

1264 570 1281 610 a.
1290 569 1352 612 arsa.
1366 569 1383 610 r.
1393 569 1443 612 rou.

286 645 332 703 est
342 645 448 720 pecten
457 638 609 719 Mytilenae
630 639 880 718 “oaradmmque‘
896 638 974 722 apud
994 627 1179 703 ¹u'mbruciel
1196 638 1289 702 linis.x

287 741 438 804 Brundisii
451 759 555 822 sargus
568 741 668 804 bouus
682 748 740 804 est:
755 742 845 815 huno,
860 757 985 821 magnus
1002 743 1028 805 si
1042 741 1107 816 erit,
1123 757 1223 804 sume:

287 845 452 926 apriculum
466 845 577 927 piscem
593 845 666 909 seito
681 845 813 926 primum
828 862 893 906 esse
907 845 1035 907 Tarenti.

291 947 427 1010 Surrenti
440 949 491 1028 see
505 965 583 1008 emes
598 945 707 1027 elopem
721 948 910 1028 glaucumque
925 947 1004 1028 apud
1019 945 1141 1008 Cumass

291 1051 361 1130 quid
376 1046 493 1112 scarus?
513 1048 649 1129 praeterii
663 1048 818 1129 cerebrum
832 1049 912 1113 louis
926 1065 1019 1128 paone
1034 1047 1178 1128 supremi:

288 1152 421 1216 Nestoris
436 1153 472 1213 ad
487 1151 612 1232 patriam
626 1151 674 1213 hio
689 1152 803 1232 capitur
817 1169 999 1232 magnusque
1012 1135 1179 1229 bonusque.

286 1256 354 1336 quid
367 1254 521 1330 mium,
536 1255 664 1328 turdum,
680 1253 866 1316 seclusarum
880 1253 1076 1333 umbramque
1090 1247 1257 1316 mutuant

239 1470 285 1547 prbe
303 1471 376 1537 Αἶνος
394 1473 450 1550 ἔχει
476 1465 606 1546 μυγᾶλους,
630 1466 734 1546 ὄστρεια
749 1469 775 1526 δ’
793 1467 909 1542 Ἄβυδος,
930 1473 934 1543 Ι
960 1462 1005 1534 saia
1022 1465 1121 1546 ulpereras
1137 1463 1241 1542 Πάριον,

214 1579 216 1583 ·
239 1549 295 1621 τους
312 1559 338 1614 ti
354 1561 435 1622 arbae
452 1553 468 1628 ἧ
487 1552 630 1626 Μυτιλήνη·
652 1557 820 1627 (πλείστους
843 1552 868 1611 δ’
892 1553 1037 1630 ’Δμβρακία
1058 1557 1172 1632 rupique,
1201 1557 1241 1610 nai

240 1635 343 1698 ἄπλατα
361 1639 416 1715 μετ’
438 1639 570 1700 eisaie...

204 1731 297 1784 tibia.
322 1731 371 1780 VII
398 1747 423 1796 p.
449 1733 532 1782 eoos:
559 1718 602 1782 sair
627 1722 650 1780 δ’
678 1723 750 1782 ilea'
777 1727 842 1782 taes
876 1717 992 1800 poliuere
1015 1720 1183 1800 Συρακοῦσαις
1209 1725 1241 1778 tvi

183 1801 185 1808 ¹
239 1815 355 1878 κλειναῖς,
371 1814 377 1876 Ι
391 1803 432 1866 re'u
450 1833 477 1883 γε
495 1804 694 1885 κρατιστεύοντα.
708 1833 710 1838 ’

184 2018 276 2069 aspera
287 2002 362 2072 Fapv:
374 2002 447 2068 Aeni,
464 2011 506 2055 ast
518 2019 594 2070 aspra
614 2001 761 2070 Tanusius,
773 2003 845 2072 Aeni,
862 2021 893 2055 ac
908 2004 981 2071 plera
998 2011 1094 2067 astrea,
1109 1999 1193 2068 pluria
1206 1993 1294 2070 'Abydi

184 2083 295 2152 Lipsius,
308 2083 397 2149 Aeuid,
411 2099 488 2151 aspra
497 2083 650 2151 Salmasius,
663 2084 736 2151 Aeul,
751 2086 833 2155 spissa
845 2086 873 2140 V
872 2088 980 2138 amasus
1010 2083 1015 2152 (
1046 2078 1150 2155 abidiqiq
1161 2084 1192 2149 F,
1213 2083 1293 2136 abidi·

184 2166 250 2218 muts
263 2183 294 2236 φ,
307 2165 375 2218 abidi
386 2181 472 2217 musv
496 2164 506 2233 Ι(
734 2215 735 2223 ,

253 2247 265 2298 1
285 2255 326 2298 est
337 2255 428 2312 pecten
440 2246 580 2313 Mitylenae
593 2246 739 2300 Vadimus:
757 2248 871 2302 Mitileue
887 2255 931 2322 est
944 2239 1039 2314 pecten
1052 2246 1105 2316 ru,
1125 2246 1237 2298 mitilene
1254 2252 1294 2297 est

1195 2338 1208 2367 8

185 2388 283 2447 pectem
294 2396 325 2431 v:
337 2381 443 2448 mitqlns
456 2390 497 2434 est
507 2390 599 2448 pecten
610 2381 726 2450 Seair'grr
744 2381 749 2450 l
768 2384 951 2450 caradrumque
963 2381 1028 2447 apud
1040 2380 1167 2434 umbracia
1181 2379 1295 2444 (umbra-

185 2463 223 2514 cie
236 2464 272 2530 φ)
286 2461 343 2514 buis
357 2463 436 2532 illul]
450 2467 527 2516 verda
538 2465 652 2519 noudum
663 2470 767 2518 sauata:
785 2466 919 2517 caradrum
935 2479 998 2532 quae
1015 2464 1080 2530 apud
1097 2461 1223 2513 umbracie
1236 2461 1293 2512 linis

185 2557 213 2594 v:
231 2557 339 2610 aperque
357 2545 421 2610 apud
434 2542 582 2598 Ambraciae
600 2562 686 2597 amnes
701 2544 845 2611 Turnebus,
867 2559 1007 2612 caprasque
1024 2546 1089 2610 apud
1100 2542 1294 2594 Ambracienses

186 2623 361 2690 Cocceianus,
383 2626 570 2695 charadrusque
591 2630 657 2695 apud
677 2627 827 2679 Ambraciae
845 2641 930 2678 amnes
947 2624 1072 2692 Scaliger,
1095 2625 1294 2691 charadrumque

184 2703 328 2756 Ambracial
343 2704 497 2773 Salmasius,
519 2708 675 2775 carabusque
691 2709 757 2774 apud
774 2707 969 2761 Ambracienses
986 2707 1094 2774 Cetrius,
1118 2706 1295 2758 Ambraciotas

184 2786 311 2852 Herbsius,
334 2788 531 2857 charadrumqne
549 2789 615 2855 apud
630 2787 761 2840 Ambraei'
779 2789 836 2840 fluis
851 2789 1055 2856 Hiidsbraudius,
1076 2797 1102 2841 et
1119 2789 1185 2855 apud
1202 2787 1296 2838 Chara-

186 2868 257 2919 dram
268 2867 476 2939 Ambraciamque
488 2869 630 2936 Varenus,
648 2878 675 2922 et
686 2869 805 2923 Arattum
823 2871 872 2935 (υυὶ
882 2870 1045 2939 Aratumque)
1063 2871 1129 2936 apud
1144 2867 1294 2919 Ambraciae

186 2949 242 3000 fluis
256 2941 482 3019 (carrqsariasss
490 2955 546 3018 llus,
559 2955 596 3020 es.
607 2953 701 3003 Aibat.
713 2951 758 3005 Vll
767 2969 793 3020 p.
805 2951 886 3017 3050)
903 2952 1034 3019 Berglrius
1046 2950 1056 3019 (Ι
1074 2951 1089 3002 2
1102 2949 1229 3002 Brundisii
1240 2950 1294 3018 ra,

185 3030 319 3082 Brundusii
331 3047 359 3082 v:
373 3033 515 3087 Brundusio
525 3033 698 3087 Suardsiueur
709 3033 802 3085 vindic.
814 3047 899 3102 praee.
909 3033 992 3085 Beati.
1004 3051 1029 3102 p.
1040 3033 1081 3095 53,
1092 3026 1211 3082 Brundisi
1226 3030 1248 3082 I.
1259 3030 1293 3084 V.

185 3110 338 3177 bruschius,
351 3113 478 3167 brundisii
488 3115 529 3167 eei
538 3116 664 3168 Rrentesii
676 3114 854 3166 Lacdmarauus
863 3113 1009 3166 adhaeret.
1018 3131 1045 3182 p.
1058 3111 1116 3176 328,
1130 3111 1246 3163 Brentesi
1258 3112 1298 3163 uel

185 3192 312 3245 brundisi
324 3195 371 3244 Pu.
390 3193 542 3263 Wagnerus
553 3201 580 3248 iu
597 3196 625 3250 V
624 3213 679 3264 erg.
698 3201 766 3248 Aere.
782 3195 849 3248 v1111
866 3196 912 3247 151
934 3192 939 3262 (
964 3209 1054 3258 sargus
1070 3193 1204 3244 bonusest
1221 3192 1295 3261 quv:

187 3278 290 3338 sargust
303 3275 332 3328 V
330 3275 437 3327 Mersus
452 3273 456 3344 Ι
470 3277 536 3327 bunc
547 3292 652 3345 magnus
664 3277 686 3328 si
702 3278 752 3330 erit
764 3292 834 3328 sume
847 3276 910 3345 rav
926 3278 977 3343 (qs.
989 3275 1131 3342 Bergidum
1142 3274 1158 3326 1.
1171 3273 1218 3340 d.):
1230 3273 1296 3325 bunc

185 3371 290 3420 maguus
304 3357 354 3407 erit
366 3357 396 3422 si,
410 3356 484 3408 Sume
500 3356 643 3424 Turnebus,
658 3358 839 3423 bunemsgnus
852 3358 936 3410 aierit
951 3355 998 3408 tibi
1010 3371 1080 3408 sume
1093 3355 1123 3408 V
1120 3355 1226 3406 abisam
1245 3351 1256 3424 1(
1280 3353 1296 3405 3

162 3505 166 3510 .
186 3437 326 3504 apriculam
337 3453 362 3504 v,
376 3440 500 3506 apriclum
510 3441 556 3509 Fa
571 3439 576 3510 Ι
590 3441 685 3493 tarenti
696 3457 721 3506 v,
735 3439 857 3505 Targenti
868 3439 897 3505 T,
916 3438 1048 3506 rrgentirp
1069 3433 1079 3506 Ι(
1099 3432 1297 3488 esurientius

187 3533 254 3570 ernas
264 3519 362 3587 elopem
370 3520 612 3590 glaucumque‘apud
630 3523 655 3587 (i.
666 3540 687 3573 s.
698 3526 753 3588 ape)
768 3517 858 3573 Cumas
872 3521 925 3585 (υυὶ
934 3520 1099 3586 glaucumque
1112 3513 1171 3570 aiud
1184 3513 1295 3586 Κύμης)

186 3600 326 3666 Bergkius:
345 3603 461 3656 Surrenti
472 3605 584 3670 telopem
596 3601 706 3655 faeemas
717 3604 834 3668 glaucum
850 3601 910 3670 aput
923 3602 1002 3668 (apud
1014 3605 1049 3669 ap)
1066 3600 1158 3652 Cumas
1171 3599 1229 3667 quid
1238 3599 1294 3668 Ἑφ,

188 3679 305 3732 Surrenti
323 3684 437 3750 aelopem
453 3684 564 3736 lacenae
585 3685 702 3748 glaucum
722 3692 782 3751 aput
796 3699 882 3735 cumas
903 3683 961 3750 quid
978 3681 1016 3735 V:
1038 3681 1154 3733 Surrenti
1171 3680 1211 3731 fac
1228 3693 1297 3730 emas

91 3788 95 3797 ι
186 3762 304 3824 glaucum
320 3770 346 3813 et
363 3763 453 3816 Cumas
465 3767 539 3833 apud.
565 3767 668 3833 etquid
687 3765 830 3831 Tursecius,
852 3765 969 3816 Surrenti
985 3764 1090 3829 lupadus
1109 3761 1163 3827 (υυὶ
1173 3761 1297 3826 chamus),

186 3842 303 3906 alanum
322 3843 411 3895 Cumas
429 3848 502 3912 apud.
522 3854 549 3898 at
565 3847 624 3914 quid
643 3845 766 3914 Scaliger,
790 3844 923 3896 Surrentid
940 3845 1038 3910 elopem
1053 3843 1109 3895 iace
1125 3857 1202 3906 emas,
1223 3841 1297 3905 glau-

186 3937 243 3974 cum
260 3925 292 3974 ad
310 3924 408 3976 Cumas.
428 3926 487 3992 quid
503 3925 656 3991 Salmasius,
675 3926 792 3978 Surrenti
808 3925 863 3978 laea
879 3939 948 3976 emas
964 3925 1087 3990 helopem,
1103 3924 1220 3987 glaucum
1236 3935 1297 3986 cape

187 4003 272 4058 Gumis
282 4006 312 4058 V
310 4005 417 4057 abienus
441 4004 451 4074 Ι(
475 4005 561 4073 bqnid
573 4005 678 4060 scaru’l
690 4007 829 4074 Bergidae:
843 4021 943 4057 scarum
955 4006 1018 4076 quv
1046 4003 1052 4068 Ι
1082 4003 1209 4054 celebrum
1229 4001 1297 4055 louis

187 4085 241 4153 TV,
257 4087 391 4138 cerebrum
402 4085 506 4156 louisap
537 4086 542 4154 Ι
572 4087 698 4154 suppremi
710 4086 739 4152 ll,
758 4086 884 4154 supraemi
900 4101 918 4137 v
946 4084 956 4155 A
985 4088 999 4138 7
1018 4086 1076 4153 qaid
1092 4085 1224 4150 merulam,
1240 4092 1298 4136 tur·

188 4167 255 4232 dum,
267 4168 425 4220 melsrmrum
437 4167 599 4238 umbramque
610 4169 747 4220 marinam?
765 4169 805 4220 υυὶ
815 4168 874 4235 quid
886 4167 1050 4232 melanurum,
1063 4168 1184 4231 umbram,
1196 4167 1298 4218 turdum

186 4248 359 4316 merulamque
370 4251 509 4302 marinam?
520 4249 660 4317 Bergistus:
673 4250 829 4301 melanururu
840 4251 943 4300 turdum
954 4250 1125 4316 merulamque
1137 4247 1298 4314 umbramque

188 4329 286 4394 (umbra
303 4331 377 4397 inque
395 4331 425 4397 ll,
438 4329 593 4399 uitreisque
605 4333 638 4401 φ)
649 4332 772 4384 marinam
784 4330 858 4398 Fq-rs
874 4337 927 4383 tum
943 4333 1055 4398 tardum,
1071 4329 1202 4395 merdam,
1219 4328 1298 4381 uols-

241 4410 268 4450 ι.
284 4411 352 4462 spur.
367 4413 469 4456 usum.
484 4414 551 4464 aper.
1102 4399 1120 4450 4
