3232 5028
315 475 357 550 74
664 470 694 522 L.
713 467 835 522 APVthl
852 467 1088 522 ulnavnnnsrs

167 561 253 604 arrae
268 559 342 604 aron.
1341 555 1501 598 mom,
1607 573 1609 592 ,

318 627 395 694 lecto
414 626 462 692 illo
482 625 638 692 simulacra
656 623 781 690 deorum
798 621 879 688 nulla
897 620 973 688 uidit
991 627 1043 684 aut
1061 621 1161 686 omnia
1181 621 1320 708 neglegit:
1346 623 1427 684 hunc
1597 621 1609 676 t

319 728 443 810 deniqne
459 728 508 808 qni
523 729 636 790 laruam
650 732 743 808 putat,
759 726 822 807 ipse
836 730 882 786 est
895 725 1022 788 laruans.
1074 775 1082 786 .

210 843 301 898 Lxllll
403 829 441 893 At
453 831 515 905 tibi,
530 829 699 904 Aemiliane,
720 847 775 910 pro
794 828 852 891 isto
872 826 1025 889 mendacio
1041 825 1105 888 duit
1120 825 1192 888 deus
1214 827 1268 890 iste
1284 845 1425 908 superum

318 939 347 995 et
368 932 497 996 inferum
517 939 699 996 commeator
718 937 913 1012 utrorumque
934 929 1059 992 deorum
1075 929 1182 992 malam
1203 929 1326 1010 gratiam
1345 947 1425 992 som-

317 1047 428 1119 perque
439 1035 541 1098 ohuias
553 1034 665 1116 speeies
676 1039 875 1106 mortuorum,
891 1031 1030 1116 quidquid
1046 1031 1219 1095 umbrarum
1234 1039 1280 1094 est
1289 1051 1424 1112 usquam,
1448 1053 1464 1105 5

318 1136 459 1216 quidquid
479 1138 637 1210 lemurum,
657 1135 800 1216 quidquid
819 1133 961 1208 manium,
988 1133 1128 1214 quidquid
1149 1134 1308 1209 laruarum,
1334 1134 1426 1198 oeulis

309 1237 377 1314 ¹tuis
399 1244 517 1318 oggerat
539 1238 638 1302 omnia
657 1237 791 1305 noctium
806 1223 1003 1310 ooeursaeula,
1024 1235 1123 1296 omnia
1143 1234 1301 1298 bustorum
1321 1236 1426 1300 formi-

318 1339 445 1414 damina,
467 1339 566 1402 omnia
586 1341 790 1421 sepulcrorum
809 1337 1053 1414 terriculamenta,
1074 1357 1092 1399 a
1111 1337 1218 1418 quibus
1237 1344 1337 1399 tamen
1351 1356 1425 1402 aeuo

317 1447 346 1503 et
361 1441 468 1503 merito
482 1442 561 1506 haud
576 1442 663 1524 longe
683 1441 761 1504 abes.
798 1448 929 1502 ceterum
944 1440 1094 1503 Platonica
1112 1439 1221 1527 familia
1242 1439 1314 1502 nihil
1334 1439 1423 1502 noui-
1437 1467 1497 1518 (aaa)

317 1562 386 1604 mus
400 1543 457 1607 nisi
472 1541 582 1608 festum
597 1551 625 1606 et
639 1546 749 1608 laetum
764 1550 793 1604 et
807 1542 939 1604 solemne
954 1548 983 1604 ot
997 1560 1140 1626 superum
1155 1548 1184 1603 et
1195 1543 1326 1604 caeleste.
1354 1541 1425 1624 quin
1447 1566 1479 1620 10

318 1646 478 1710 altitudinis
497 1647 595 1709 studio
612 1654 690 1710 secta
709 1646 765 1708 ista
784 1645 872 1706 etiam
891 1646 970 1708 caelo
990 1645 1056 1726 ipso
1079 1644 1251 1708 sublimiora
1271 1645 1425 1728 quaepiam

317 1748 473 1826 uestigauit
493 1747 573 1810 etin
593 1748 701 1810 extimo
721 1747 825 1810 mundi
844 1753 926 1826 tergo
946 1748 1062 1810 retenit.
1097 1747 1153 1809 soit
1171 1765 1219 1807 me
1239 1763 1309 1807 uera
1330 1745 1425 1810 dicero

315 1848 469 1922 Maximus,
500 1849 549 1928 qui
574 1844 630 1912 τὸν
655 1841 892 1932 ὑπερσυράνιον
917 1841 1023 1912 τόπον
1040 1841 1101 1912 tal
1127 1849 1177 1932 τῷ
1202 1843 1261 1908 τοῦ
1284 1841 1424 1932 οὐρανοῦ

316 1942 408 2034 νώτῳ
430 1949 499 2030 legit
512 1950 544 2012 in
557 1951 692 2014 Phaedro
707 1935 868 2032 diligenter.
899 1951 977 2028 idem
991 1951 1134 2014 Maximus
1150 1950 1260 2032 optimo
1273 1949 1424 2031 intellegit,

316 2059 349 2114 ut
364 2052 400 2121 do
415 2052 535 2114 nomine
550 2053 638 2114 etiam
652 2053 738 2116 uobis
754 2053 959 2133 respondeam,
979 2054 1115 2133 quisnam
1134 2052 1173 2114 sit
1190 2053 1237 2113 illo
1257 2069 1319 2112 non
1338 2069 1356 2114 a
1374 2071 1423 2116 mo
1446 2073 1479 2124 15

315 2155 423 2236 primo,
447 2155 499 2218 sed
524 2173 541 2216 a
566 2155 688 2218 Platone
710 2149 867 2236 βασιλεὺς
886 2163 1073 2236 nuncupatus
1099 2147 1193 2238 [περὶ
1214 2148 1270 2216 τὸν
1291 2146 1425 2216 πάντων

314 2249 457 2338 βασιλέα
481 2247 582 2318 πάντ’
608 2249 680 2320 ἐστὶ
702 2247 856 2320 κάκείνου
884 2250 979 2320 ἕνεκα
1003 2251 1130 2334 πάντα,
1164 2257 1299 2337 quisnam
1319 2255 1357 2320 sit
1375 2256 1424 2318 ille

313 2352 498 2440 flooriarigl:
519 2357 610 2421 totius
629 2376 731 2422 rerum
750 2367 872 2422 naturae
888 2378 976 2422 eausa
995 2368 1025 2422 et
1037 2359 1112 2423 ratio
1132 2360 1171 2437 [et
1186 2359 1278 2440 origo]
1295 2358 1421 2434 initialis,

314 2480 450 2526 summus
471 2461 561 2526 animi
580 2463 705 2542 genitor,
725 2468 862 2528 aeternus
883 2461 1066 2526 animantum
1092 2461 1260 2546 sospitator,
1286 2458 1421 2524 assiduus

318 2665 347 2712 13
367 2663 475 2716 Phaedr.
493 2678 518 2730 p.
538 2665 589 2713 nat
598 2679 621 2715 o.

316 2747 347 2794 16
366 2746 445 2808 Epist.
468 2745 491 2794 11
514 2762 540 2812 p.
565 2748 616 2796 312
639 2745 728 2814 (403):
761 2733 806 2796 ὧδε
829 2734 875 2815 γᾶρ
898 2742 967 2819 ixei·
999 2745 1054 2815 ampl
1077 2737 1236 2800 vivariorum
1258 2745 1369 2809 βασιλέα

365 2820 437 2878 πάντ’
463 2826 519 2880 leri
540 2829 581 2881 eal
605 2826 692 2882 Ικιίνου
714 2825 781 2886 irato
804 2821 891 2898 πάντα,
918 2829 959 2882 eui
989 2829 1061 2881 imino
1084 2826 1163 2884 αἴτιον
1187 2822 1299 2888 talem
1323 2825 1370 2884 reio

365 2906 455 2969 tutio.

380 3121 392 3176 1
419 3119 484 3174 ulit
507 3118 625 3178 latntes:
649 3118 721 3174 uidet
743 3116 807 3188 Fron
844 3116 850 3186 Ι
884 3117 995 3183 neglegit
1015 3117 1048 3184 V,
1072 3117 1177 3184 negligit
1199 3118 1245 3189 ,aa
1279 3117 1291 3188 1
1325 3119 1341 3172 2
1365 3121 1418 3172 lar·

311 3207 424 3258 natare
461 3198 472 3272 fl
516 3201 531 3254 3
560 3201 614 3258 doit
641 3202 745 3270 omnm
772 3213 788 3262 a
811 3206 840 3252 at
867 3198 888 3254 li
917 3202 946 3264 (a
968 3202 996 3252 to
1018 3215 1116 3254 rasura
1137 3215 1190 3254 eor.
1210 3216 1228 3253 a
1248 3217 1328 3256 mmet
1349 3202 1420 3268 κα),

311 3283 355 3334 dat
378 3300 410 3350 φ,
433 3283 494 3336 auat
517 3299 534 3335 v
559 3283 595 3347 (et
612 3281 777 3346 smmum),
801 3288 846 3333 ant
869 3298 883 3342 ς
915 3277 927 3349 l
965 3283 982 3333 4
1005 3281 1160 3346 imornorum
1179 3300 1204 3350 φ
1232 3276 1242 3350 ΙΙ
1275 3281 1334 3332 5-6
1348 3281 1419 3350 quie-

312 3363 371 3430 quid
394 3377 435 3431 φν
470 3360 480 3431 l
514 3364 529 3414 6
556 3363 686 3416 larbarum
709 3361 729 3414 F
767 3360 778 3430 ΙΙ
818 3361 833 3413 8
862 3363 1054 3429 sepnlolnroronr
1077 3379 1118 3433 ‹pv
1161 3361 1171 3431 ll
1216 3363 1232 3414 9
1264 3361 1337 3413 abest
1364 3362 1418 3431 ro,

311 3442 402 3493 abesv
432 3441 437 3509 Ι
469 3443 545 3495 nichil
561 3445 606 3513 qu
638 3442 648 3512 1
681 3445 714 3496 10
731 3443 895 3513 solempnem
923 3442 928 3510 Ι
958 3444 1090 3510 eolestoil
1122 3442 1132 3513 fl
1167 3443 1195 3494 11
1218 3443 1328 3508 oaelov,
1345 3443 1419 3496 ooelo

359 3526 363 3534 '
743 3525 836 3574 um
851 3523 909 3577 tert.)
1048 3535 1063 3564 ι
1078 3523 1144 3576 (non.
1159 3522 1217 3576 tert.)

204 3559 209 3570 ’
312 3577 358 3646 so
381 3575 392 3646 fl
416 3534 762 3648 12ιοιϋμιιῑιφνμιοει1ιι
933 3577 953 3630 ll
991 3575 997 3646 Ι
1036 3578 1126 3630 estimo
1238 3576 1268 3642 F,
1283 3575 1374 3628 estimo
1387 3594 1419 3646 φ,

313 3659 407 3712 omino
420 3675 437 3710 v
468 3657 473 3726 Ι
503 3659 619 3723 tegor
643 3657 650 3726 1
680 3658 777 3710 retexit
793 3661 901 3728 tomyri:
919 3660 982 3712 retit
997 3659 1052 3729 no,
1073 3658 1140 3725 repit
1151 3657 1183 3722 V,
1200 3658 1269 3722 degit
1282 3674 1305 3716 ςε
1322 3657 1420 3712 restitit

311 3738 465 3812 Spengeb'ua
481 3740 497 3791 l.
516 3739 541 3791 d.
555 3756 582 3810 p.
602 3740 631 3790 31
669 3737 679 3806 1
720 3739 751 3790 13
775 3735 1421 3803 nourerovrnmovrononenoml

197 3811 199 3819 ’
311 3809 470 3878 nonanti
501 3823 561 3892 ro,
611 3809 1420 3878 norraroxnamounououenonnnuoxono

312 3905 336 3958 V
359 3903 370 3974 l
395 3907 427 3958 14
439 3904 511 3958 iedro
524 3903 569 3974 Ρφ
595 3901 600 3971 l
627 3905 747 3970 intelligit
759 3905 823 3976 Ρφν
845 3905 855 3975 fl
881 3905 973 3958 tlt-18
984 3909 1060 3960 teria
1072 3904 1197 3977 περὶτὸν
1208 3902 1325 3959 πάντων
1340 3908 1419 3970 βασι-

311 3986 360 4037 lto
369 4015 387 4024 -
396 3981 489 4038 πάντα
503 3980 664 4054 (inomni),
674 3987 787 4056 quisnam
799 3987 833 4038 sit
845 3987 890 4038 ille
901 3983 1029 4055 βασιλεύς
1044 4005 1061 4040 a
1072 3987 1208 4058 Spengelio
1219 3986 1236 4038 l.
1249 3986 1273 4038 d.
1287 3986 1420 4038 mndata

313 4069 386 4118 urreis
407 4067 509 4119 moturi:
532 4064 686 4120 nepl'rov
706 4083 816 4122 παντον
835 4063 1027 4138 naeinam!
1055 4065 1205 4120 ΠΛΝΤΘΟ
1230 4063 1420 4119 KAJKGINO

313 4147 369 4198 ione
393 4146 397 4214 Ι
421 4163 451 4200 ea
472 4146 698 4216 «amalorum
714 4149 746 4205 ru
757 4150 802 4202 ille
816 4150 926 4213 miens
944 4151 999 4221 Fu,
1031 4148 1193 4207 ῙῑθΡΙΤωΝ
1202 4145 1361 4202 ΠΑΝΤΟΝ
1368 4144 1420 4198 BA

313 4225 809 4284 omonnrnroorxxnrxerxo
823 4232 1030 4287 immaniora
1041 4232 1151 4300 alnou
1162 4231 1194 4286 ro
1205 4231 1250 4290 ure
1259 4230 1368 4288 ,arnus
1380 4227 1422 4295 Vl

314 4308 346 4360 18
362 4316 389 4361 et
402 4310 472 4375 origo
485 4327 535 4362 om.
549 4311 583 4364 F:
596 4313 644 4365 dot.
656 4314 830 4394 Iahniuaooll.
841 4319 914 4367 nult.
927 4313 970 4366 1111
980 4316 1012 4367 30
1025 4314 1035 4384 Ι
1060 4315 1265 4383 terninano
1286 4311 1299 4383 fl
