3226 5026
667 497 838 560 huchodie
1266 507 1305 572 51

121 591 281 634 necamus
1281 591 1452 634 criassus.

191 659 228 722 do
247 659 307 724 situ
326 675 430 724 omum
449 658 544 740 doque
562 671 689 723 numero
715 657 810 740 dequre
833 673 922 724 moso
945 655 1133 726 conscribere
1154 677 1189 724 uc
1210 659 1302 726 lihros

193 752 366 842 ἀνατομῶν
388 760 538 824 Aristoteli
563 767 593 824 ct
618 761 770 844 explorare
794 761 893 825 studio
918 769 949 826 et
969 779 1084 844 augere.
1120 769 1209 846 atquo
1227 761 1301 828 odeo

191 881 308 927 summe
322 863 425 939 miror,
441 864 521 944 quod
534 881 630 926 unum
644 881 661 925 a
675 883 724 926 me
737 863 913 945 pisciculum
926 865 1094 948 inspectum
1108 865 1215 943 scietis,
1231 885 1301 931 cum

192 967 252 1030 iam
266 965 422 1048 plurimos,
436 965 616 1046 ubicumque
634 969 770 1030 locortmr
785 967 874 1030 obleti
892 974 977 1043 sum,
1003 987 1094 1050 aeque
1113 969 1302 1052 inspexerim,

161 1079 176 1129 5
194 1069 368 1152 praesertim
383 1069 463 1150 quod
477 1069 549 1131 nihil
564 1087 618 1149 ego
630 1070 772 1144 clanculo,
788 1070 839 1132 sed
855 1071 954 1132 omnio
968 1069 999 1132 in
1013 1072 1169 1152 propatulo
1185 1089 1255 1152 ego,
1269 1079 1304 1135 ut

193 1172 291 1254 priuis
304 1172 353 1236 uel
366 1171 509 1234 extrarius
524 1171 633 1235 arbiter
647 1171 777 1248 adsistat,
793 1191 878 1235 more
891 1173 949 1234 hoc
960 1178 990 1233 et
998 1171 1134 1236 instituto
1145 1173 1303 1253 magistro·

192 1293 261 1340 rum
279 1290 432 1349 meorum,
453 1272 505 1354 qui
525 1273 607 1336 siunt
625 1274 780 1337 hominem
798 1275 973 1338 liberumet
987 1275 1176 1355 magnificum
1191 1275 1302 1350 decere,

191 1377 218 1440 si
233 1375 365 1458 quentin
379 1375 505 1457 primori
519 1375 617 1438 fronte
632 1377 764 1439 animum
780 1385 902 1458 gesture.
931 1379 1013 1440 hunc
1026 1379 1099 1441 odeo
1118 1377 1302 1458 pisciculum,

194 1495 282 1560 quem
311 1497 369 1542 uos
397 1479 530 1560 leporem
558 1479 708 1542 marinum
737 1479 915 1556 nominetis,
944 1479 1080 1563 plurimis
1108 1479 1158 1562 qui
1183 1478 1304 1544 oderent

141 1589 173 1642 10
197 1580 322 1644 ostendi.
359 1581 486 1643 necdum
506 1581 595 1645 etiem
616 1583 741 1646 decerno
762 1583 832 1664 quid
854 1597 971 1659 uocem,
997 1582 1055 1646 nisi
1073 1599 1214 1664 quaerum
1232 1599 1303 1645 sane

194 1682 367 1758 accuratius,
387 1681 466 1765 quod
482 1702 538 1749 nec
557 1684 635 1766 opud
655 1692 770 1749 ueteres
790 1685 986 1767 philosophos
1006 1684 1218 1767 proprietatem
1238 1683 1302 1748 eius

193 1785 282 1868 piscis
296 1785 421 1866 reperio,
436 1803 616 1867 quamquem
630 1787 668 1851 sit
683 1787 818 1850 omnium
831 1787 982 1852 rarissime
1001 1793 1031 1850 et
1048 1787 1167 1850 hercule
1186 1803 1303 1850 memo·
1340 1805 1343 1813 ·

194 1887 293 1951 rende.
324 1888 432 1969 quippe
446 1889 529 1952 solus
544 1889 601 1964 ille,
627 1896 771 1970 quantum
789 1889 890 1965 sciam,
909 1887 979 1954 c'um
999 1889 1038 1952 sit
1059 1896 1156 1952 cetere
1180 1888 1302 1964 exossis,

194 1991 350 2056 duodecim
364 2007 491 2054 numero
507 2009 576 2054 ossa
590 1992 627 2054 cd
641 1992 864 2057 similitudinem
877 1992 1006 2054 talorum
1016 1991 1172 2054 suillorum
1186 1990 1219 2054 in
1228 2007 1304 2054 uen-

142 2105 174 2158 to
193 2099 239 2155 tre
254 2093 317 2157 eius
332 2109 444 2156 conexa
457 2099 487 2156 et
500 2100 633 2157 cotenota
646 2101 726 2158 sunt.
756 2095 837 2177 quod
850 2092 1022 2157 Aristoteles
1043 2093 1068 2156 si
1091 2093 1204 2169 scisset,
1224 2109 1304 2156 nun-

195 2211 283 2277 quam
305 2197 439 2277 prolecto
461 2193 627 2280 omisisllset
646 2197 757 2279 scripto
776 2196 912 2279 prodere,
932 2195 982 2278 qui
1001 2194 1082 2258 aselli
1101 2194 1190 2277 piscis
1211 2194 1304 2258 solius

194 2298 331 2361 omnium
349 2297 382 2360 in
403 2298 500 2362 media
519 2300 587 2362 elue
606 2300 760 2363 corculum
779 2297 871 2362 situm
895 2316 951 2380 pro
970 2298 1099 2362 maximo
1118 2294 1305 2360 memorauit.

123 2420 182 2476 (sss)
193 2391 344 2482 ‘piscem’,
364 2400 469 2481 inquit,
485 2391 693 2480 ‘proscidisti'.
733 2401 792 2463 hoc
811 2399 876 2481 quis
896 2401 971 2464 ierat
989 2399 1167 2482 philosopho
1188 2395 1302 2460 crimen
1318 2401 1438 2456 xxxxi

196 2521 271 2579 esse,
292 2502 371 2584 quod
385 2501 462 2564 lanio
478 2503 525 2564 uel
540 2521 636 2586 coquo
651 2520 714 2566 non
732 2500 862 2568 luisset?
884 2493 1013 2586 ‘piscem
1027 2500 1209 2584 proscidisti:
1226 2500 1305 2580 quod

143 2612 176 2664 tc
199 2595 351 2668 crudum’:
366 2604 397 2666 id
410 2601 553 2668 accusas?
573 2605 600 2668 si
621 2612 705 2668 cocto
721 2612 857 2669 uentrem
875 2623 1024 2694 ruspmer,
1044 2603 1161 2685 hepatia
1175 2601 1306 2668 suffode-

195 2725 269 2784 rem,
289 2707 329 2770 ite
343 2714 376 2769 ut
390 2708 468 2788 apud
482 2715 513 2769 te
526 2707 669 2788 puerulus
680 2706 728 2769 ille
745 2707 871 2772 Sicinius
885 2708 1004 2772 Pudens
1024 2702 1029 2786 1
1048 2712 1167 2770 suomet
1179 2704 1304 2768 obsonio

196 2809 289 2886 discit,
304 2829 369 2872 eam
384 2828 449 2872 rem
463 2827 525 2871 non
539 2817 658 2890 putares
677 2811 886 2874 accusandam:
912 2810 992 2892 atqui
1011 2808 1106 2872 maius
1131 2809 1245 2883 crimen
1262 2815 1307 2871 est

195 2913 373 2994 philosopho
388 2931 522 2975 comesse
533 2912 623 2994 piscis
638 2931 727 2994 quem
741 2914 894 2997 inspicere.
923 2932 962 2978 en
971 2911 1092 2976 hariolis
1103 2910 1169 2974 licet
1179 2911 1308 2998 iocinere

195 3013 306 3090 rimari,
332 3015 511 3096 philosopho
532 3017 727 3099 contemplari
745 3034 807 3081 non
826 3016 932 3092 licebit,
958 3015 1008 3096 qui
1028 3033 1060 3076 se
1080 3013 1152 3077 sciat
1172 3013 1306 3076 omnium

143 3117 368 3182 scamnalium
390 3116 594 3198 haruspicem,
621 3119 756 3182 omnium
782 3119 872 3182 deum
893 3111 1098 3182 sacerdotem?
1123 3114 1182 3178 hoc
1205 3115 1239 3178 in
1257 3131 1306 3177 me

124 3237 184 3292 <rso
198 3237 328 3295 recuses,
349 3219 429 3302 quod
444 3237 497 3300 ego
518 3226 547 3283 et
566 3221 710 3286 llaximus
729 3222 761 3285 in
777 3219 934 3286 Aristotele
952 3213 1118 3282 miramur?
1147 3215 1231 3284 cuim
1250 3215 1308 3280 nisi

198 3459 231 3510 lt
250 3459 391 3513 Aristotelis
410 3459 500 3528 fragm.
518 3461 558 3514 cd.
576 3461 644 3514 Rose
661 3477 687 3528 p.
701 3460 761 3512 etr.

266 3682 278 3732 1
294 3681 399 3750 deniquo
411 3695 514 3736 numero
527 3684 633 3752 denique
645 3697 723 3736 ceusu
734 3682 780 3752 Ρφ
799 3681 804 3750 Ι
824 3681 955 3735 lihsostt
971 3679 982 3750 1
1006 3681 1161 3748 ljortmo
1176 3679 1234 3732 ldeo
1258 3677 1269 3748 1
1292 3678 1308 3730 8

198 3773 293 3812 nmmo
308 3760 465 3816 Salmaces
487 3767 608 3817 odcorum
624 3780 664 3816 mc
681 3765 762 3817 miror
778 3762 833 3829 FV,
854 3763 993 3836 talleoneum
1004 3774 1044 3813 me
1060 3763 1173 3831 minero
1190 3758 1200 3829 1
1223 3758 1309 3812 tutt-

168 3840 549 3914 consopitos-,arum
579 3846 721 3914 onichilrp
753 3845 892 3915 lut]etv
918 3842 929 3912 1
957 3843 1120 3896 hessistctv
1149 3841 1160 3912 1
1188 3842 1308 3892 'ldeeere

197 3925 482 3996 scripelrdehercl'tpr
503 3925 516 3996 1
540 3929 661 3997 Ιοφιίφ
686 3925 839 3996 inocente
866 3924 876 3994 1
906 3924 1078 3976 theoctonos
1104 3922 1115 3992 1
1146 3923 1309 3974 ideonum

197 4005 261 4076 lupe
294 4008 299 4075 1
332 4007 426 4058 scisset
438 4024 459 4073 ς,
473 4025 522 4060 orn.
536 4007 613 4077 lupv.
631 4010 839 4062 ascendendum
850 4011 901 4059 ert:
918 4007 984 4073 quod
996 4005 1041 4058 Ar.
1053 4021 1077 4055 n.
1087 4020 1126 4072 pr.
1137 4004 1273 4070 omisisset,
1286 4003 1309 4055 si

197 4087 299 4153 miscet,
311 4102 362 4139 scr.
374 4089 501 4154 proderet
517 4087 522 4156 Ι
536 4103 660 4158 nunquam
674 4108 694 4154 ς,
706 4107 814 4160 onmem
826 4089 889 4160 ror
912 4085 923 4156 1
948 4089 980 4141 16
992 4087 1088 4139 scrihto
1103 4085 1125 4140 V
1146 4083 1156 4154 1
1181 4087 1212 4138 tt
1225 4083 1307 4138 medio

196 4165 221 4222 V
248 4167 259 4238 Ι
284 4169 316 4222 18
331 4169 417 4238 inquld
428 4171 451 4223 ll
475 4169 487 4240 1
508 4171 540 4222 te
552 4187 644 4223 cocov
665 4170 676 4242 1
700 4174 901 4239 idruspcrers,
925 4168 1120 4238 rusparetllpv
1149 4165 1154 4232 1
1179 4167 1310 4235 hcpctiev

197 4246 203 4316 1
229 4250 380 4305 sistemus
395 4269 413 4303 v
436 4249 450 4321 1
471 4251 620 4306 ohsonollr
648 4251 659 4323 1
686 4255 720 4306 22
732 4253 838 4310 dixttv:
854 4253 919 4306 uiuit
936 4252 1111 4316 wartonus,
1123 4249 1190 4301 uixit
1204 4248 1310 4318 Ltpct'ur

196 4328 200 4398 1
225 4336 423 4386 occurendomv
446 4331 456 4402 1
480 4333 513 4386 23
527 4333 653 4406 oriolissp
678 4333 685 4404 1
710 4335 825 4387 iocinere
836 4333 906 4404 rpv
930 4333 942 4404 1
962 4333 995 4392 tt
1008 4327 1216 4454 mium!
