3232 5028
382 1183 639 1302 [osbern
671 1181 849 1300 [Vtro
874 1067 1211 1302 scenicum

631 1354 855 1432 EMENDATI
856 1354 961 1432 ONES

241 1493 300 1567 EX
330 1491 446 1567 nolu
388 1491 531 1568 ΙΙΟΝΙΙ
564 1483 687 1570 QVAM
718 1489 874 1568 ΙΙΙΟΙΙΝΤ
903 1491 1091 1570 ΙΙΙΟΑΝΙ
1121 1487 1350 1572 SECVNDAM

668 1626 918 1704 ΙΙΧΟΕΙΙΡΙΑΙΙ

212 1899 213 1902 ,
322 1871 391 1931 pop.
408 1854 437 1926 6,
455 1853 489 1912 5:
505 1851 660 1914 admittant
689 1852 718 1928 9,
737 1851 855 1928 18·10,
874 1851 927 1914 12:
943 1869 1046 1917 ceruos
1060 1852 1170 1935 Apulei,
1186 1875 1256 1936 quoa
1267 1872 1348 1939 post·—

241 1953 295 2038 boo
307 1957 387 2014 omui
397 1973 434 2015 eoo
444 1963 528 2034 porte
539 1963 614 2014 recte
626 1955 739 2034 diposui
749 1953 896 2030 Pricaeus,
910 1953 1042 2035 Scob'per
1053 1955 1257 2020 Caecuboaaor
1267 1978 1347 2022 seeu-

242 2065 287 2117 toa
301 2054 355 2118 boo
369 2057 453 2120 modo
469 2057 621 2136 disposuit:
660 2063 674 2088 ²

484 2155 699 2236 Calphumiana
714 2154 795 2216 salue
809 2155 944 2236 properis
958 2157 1103 2229 uersibus

485 2257 552 2318 misi
566 2262 600 2317 ut
614 2256 721 2336 petisti
727 2256 911 2320 mundioinas
927 2258 1058 2321 dentium
1109 2299 1113 2315 Ι

484 2359 587 2420 nitelas
605 2357 664 2420 oris
680 2377 715 2419 er
729 2357 859 2422 Arabicis
873 2359 1017 2440 frugibus.
1133 2389 1137 2394 ’

241 2463 314 2537 (nisi
333 2460 442 2524 forte
434 2477 465 2522 ur
490 2479 524 2521 eo
544 2457 802 2554 reprehendendus
826 2479 910 2535 ·,sum
936 2462 1016 2542 quod
1041 2463 1257 2544 Calphurniano
1281 2433 1348 2549 pul-

133 2624 137 2633 ]
240 2564 387 2628 uiscnlum
403 2583 437 2626 ax
452 2561 581 2625 Arabicis
596 2562 730 2643 frugibus
745 2562 891 2626 miserim:
912 2581 1001 2644 quern
1022 2567 1116 2628 multo
1136 2567 1257 2648 aequius
1276 2576 1348 2641 orat

242 2667 432 2747 spurcissimo
447 2666 507 2728 ritu
522 2665 710 2741 Hiberorum,
725 2671 759 2730 ut
773 2665 813 2726 ait
828 2667 968 2742 Catullus,
1040 2701 1043 2708 ·

673 2805 691 2810 --
773 2805 783 2810 -
807 2786 860 2832 sua
873 2769 930 2830 ¹sibi
944 2768 1028 2833 urina

367 2893 377 2906 ·
440 2871 559 2932 dentem
573 2876 660 2950 atque
674 2885 791 2933 russam
806 2871 956 2950 pumicare
971 2872 1141 2954 gingiuam.)

440 2981 570 3046 tenuem,
585 2970 768 3044 canonicum,
783 2971 913 3032 nobilem
926 2973 1137 3052 puluisculum,

441 3067 692 3152 complanatorem
706 3070 868 3134 tumiduuae
882 3071 1056 3151 gingiuuiaa

441 3172 674 3236 conuerritorem
689 3171 838 3253 pridianae
851 3173 1003 3253 reliquum

439 3294 476 3339 na
492 3292 549 3356 qua
563 3275 678 3340 uisatur
690 3280 766 3335 tetra
776 3274 856 3336 labes
872 3273 1014 3348 sordium,

438 3377 579 3441 restrictis
594 3377 671 3439 forte
686 3375 711 3438 si
725 3374 836 3438 labellis
851 3377 959 3440 riseris.

242 3500 350 3562 quaeso
371 3482 439 3561 quid
459 3481 568 3542 habent
586 3478 635 3540 isti
653 3494 759 3540 uersus
779 3515 931 3524 ----
951 3478 1066 3544 uideri?
1114 3483 1161 3555 10,
1186 3485 1238 3544 1⁷:
1263 3484 1346 3546 iecu-

240 3585 352 3645 lentum
400 3580 699 3657 11,1o:foeeuliniis
745 3577 912 3652 reo-10:
1006 3597 1008 3604 ’

384 3691 414 3745 et
427 3683 531 3746 Critias
545 3699 611 3746 mea
625 3681 726 3744 delicia
740 3687 769 3742 et
785 3681 836 3742 Sol
850 3681 927 3742 aime
940 3681 1073 3757 Charine,

441 3802 495 3867 par
508 3785 539 3848 in
553 3801 654 3848 amore
668 3803 735 3846 meo
751 3783 812 3845 uita
825 3783 878 3844 tibi
891 3794 1031 3848 remanet.

382 3905 420 3949 ne
434 3895 558 3963 metuas,
573 3905 613 3951 nc
626 3905 675 3949 mc
688 3886 764 3966 ignis
779 3893 808 3948 et
821 3886 897 3966 ignis
911 3892 1022 3950 torreat
1035 3895 1069 3952 ut
1083 3889 1161 3952 uult:
1173 3892 1201 3967 ¹)

239 4141 308 4196 uest.
323 4142 352 4195 V
350 4141 432 4194 abaco.
444 4146 541 4212 prima:

276 4225 299 4286 Ι)
317 4231 343 4274 et
355 4223 450 4275 Critias
462 4238 518 4275 maa
529 4221 620 4275 delicia
633 4223 668 4274 sit
680 4223 752 4274 salua
764 4221 881 4287 (barino,
897 4219 908 4298 Ιε
916 4237 966 4290 pax
978 4223 1003 4274 in
1015 4238 1101 4275 amoro
1110 4237 1166 4275 meo
1179 4224 1232 4278 uita
1244 4225 1291 4276 tibi
1303 4240 1344 4275 ra-

316 4311 408 4357 manae.
425 4304 429 4373 Ι
445 4319 475 4355 ne
487 4312 593 4357 metuas.
619 4318 675 4355 uam
686 4319 725 4354 me
738 4303 803 4368 ignis
815 4311 841 4355 at
853 4305 917 4368 ignia
929 4311 1029 4356 torreat
1040 4312 1068 4356 ut
1080 4305 1147 4356 nult:

1145 4388 1179 4439 et
