3232 5028
317 443 376 510 102
659 439 687 489 L.
706 435 828 493 APVLEl
846 434 1084 490 MABAVRENSIS

159 531 174 571 r.
186 531 245 572 rasa.
258 530 329 572 tem.
1329 525 1372 564 M
1387 523 1491 566 oum

309 615 366 676 que
380 596 453 659 adeo
468 595 565 676 primo
586 595 688 658 dotem
707 593 735 658 io
757 608 920 672 congressu
939 591 1081 672 grandem
1095 599 1126 654 ct
1139 590 1261 654 uberem
1275 593 1418 674 rapuisse.

310 699 441 773 adhaec,
456 697 589 771 Maxime,
605 698 692 776 longa
708 695 839 757 oratione
854 695 974 774 fatigare
988 700 1018 756 te
1029 711 1091 756 non
1102 701 1147 758 est
1157 693 1330 759 consilium:
1345 695 1419 774 nihil

310 800 408 864 uerbis
429 819 504 880 opus
525 806 579 872 est,
605 817 674 860 cum
689 798 783 859 multo
810 797 948 858 disertius
968 797 1048 877 ipsae
1067 796 1183 858 tabulae
1194 797 1367 876 loquantur,
1388 798 1419 858 in

311 902 419 982 quihus
446 901 544 965 omnia
566 908 669 966 contra
692 919 782 980 quam
801 899 850 960 isti
870 917 905 962 ex
927 917 980 962 sua
999 899 1156 979 rapacitate
1176 899 1213 960 dc
1233 919 1280 960 me
1302 918 1419 979 quoque
1522 969 1529 978 ,

310 1005 559 1076 coniectaueruut,
574 1005 649 1066 lacta
663 1001 927 1082 inpraesentiarum
947 1009 976 1062 ct
995 1001 1116 1082 prouisa
1135 1001 1166 1064 in
1189 1008 1343 1082 posterum
1366 1001 1417 1062 de-
1439 1021 1455 1070 5

313 1106 485 1188 prehendis:
501 1124 571 1168 cam
586 1107 716 1186 ptrimum
733 1103 865 1168 mulieris
885 1103 1131 1184 locupletissimae
1150 1103 1298 1167 modicam
1319 1104 1419 1168 dotem

312 1227 408 1289 neque
426 1227 491 1272 eam
512 1209 610 1272 datam
630 1208 682 1270 sed
701 1200 917 1290 tantumlmodc
938 1205 1132 1287 promissam:
1159 1213 1275 1286 praeter
1293 1208 1365 1268 haec
1384 1225 1418 1268 ea

312 1310 485 1377 condicione
499 1311 606 1374 iactam
621 1310 869 1383 coniunctionem,
890 1307 978 1370 nullis
997 1327 1033 1370 ex
1053 1326 1102 1370 me
1123 1308 1267 1388 susceptis
1282 1308 1379 1372 liberis
1393 1311 1421 1370 ci

312 1415 372 1480 uita
386 1414 587 1494 demigrasset,
608 1414 651 1477 uti
666 1414 721 1499 doe
741 1413 839 1476 omnis
854 1412 932 1493 apud
946 1411 1022 1474 filios
1037 1411 1100 1474 eius
1114 1412 1294 1478 Pontianum
1314 1419 1343 1474 et
1355 1413 1417 1476 Pu-

310 1519 429 1580 dentem
451 1524 598 1590 mauerct‚
620 1516 667 1579 sin
683 1533 755 1580 uera
771 1535 831 1579 uno
847 1533 944 1578 unaue
958 1515 1114 1595 superstite
1129 1515 1208 1578 diem
1227 1535 1316 1578 suurn
1336 1517 1417 1580 ohis-
1440 1531 1472 1584 to

310 1629 365 1695 set,
389 1621 432 1686 ati
451 1627 517 1682 tum
536 1620 656 1684 diuidua
674 1637 743 1699 para
763 1618 840 1680 dotis
860 1616 1016 1698 posteriori
1040 1617 1111 1692 tilio,
1137 1618 1248 1698 reliqua
1267 1620 1415 1700 prioribus
1430 1643 1488 1697 (aaa)

311 1723 435 1784 cederet.
1505 1781 1507 1784 .

144 1835 293 1888 cxxxxii
394 1823 487 1897 Haec,
502 1831 535 1887 ut
550 1824 625 1897 dico,
641 1822 747 1886 tmuts
762 1822 834 1902 ipsis
849 1821 972 1884 docebo.
1001 1822 1065 1885 iors
1084 1822 1174 1889 inerit
1187 1841 1225 1886 an
1239 1841 1277 1885 nc
1292 1824 1335 1886 sic
1345 1826 1416 1904 -qui-

311 1925 378 1988 dem
413 1924 511 1986 credat
538 1923 731 1998 Aemilianus,
761 1925 824 1985 sola
852 1931 983 1988 trecenta
1010 1925 1091 1986 milia
1119 1943 1278 1990 nummum
1308 1928 1415 2010 scripta
1466 1989 1472 1999 x

310 2043 474 2108 eorumque
488 2027 692 2107 repetitionem
707 2027 773 2088 tiliis
784 2027 964 2090 Pudentdiae
978 2034 1063 2107 pacto
1079 2027 1187 2090 datam.
1217 2046 1287 2110 cape
1301 2032 1341 2090 sis
1350 2029 1413 2110 ipse
1436 2045 1468 2097 15

310 2137 343 2194 tn
357 2129 492 2192 manibus
506 2121 566 2192 tuis
581 2127 695 2192 tabulas
710 2129 797 2205 istas¹
815 2129 852 2190 da
866 2129 1022 2210 impulsori
1036 2137 1088 2190 tuo
1108 2130 1231 2193 Rutinc:
1253 2132 1342 2212 legat,
1357 2151 1415 2214 pu·

310 2231 376 2293 deat
389 2231 473 2293 illum
487 2231 592 2293 tumidi
607 2231 696 2293 animi
711 2231 756 2292 sui
772 2237 801 2292 et
815 2231 986 2293 ambitiosae
1000 2231 1209 2294 mendicitatis:
1231 2233 1337 2314 quippe
1351 2235 1415 2314 ipse

208 2353 223 2391 r.
233 2352 293 2395 areo.
310 2352 408 2414 egens,
423 2333 531 2408 nudus,
547 2332 765 2413 quadringentis
777 2333 895 2394 milibus
907 2351 1065 2395 nummum
1077 2353 1093 2395 a
1104 2335 1248 2396 creditore
1263 2331 1276 2418 11
1290 2336 1415 2415 acceptis

309 2437 397 2498 filiam
412 2434 533 2496 dotauit.
562 2435 741 2510 Pudentilla,
762 2435 892 2516 locuples
912 2435 1037 2510 femina,
1052 2437 1189 2500 trecentis
1205 2437 1323 2499 milibus
1337 2437 1415 2502 dotis

308 2539 364 2601 fuit
378 2546 515 2600 contenta
530 2546 559 2599 ct
573 2539 714 2600 maritum
728 2537 816 2608 habet
831 2540 879 2618 [et]
896 2539 996 2602 multis
1012 2557 1098 2620 saepe
1113 2545 1142 2599 et
1155 2539 1322 2620 ingentibus
1337 2541 1415 2603 doti-
1436 2555 1470 2606 20

308 2640 364 2728 hus
380 2641 486 2722 spretis
500 2640 580 2701 inani
594 2641 714 2704 nomine
728 2641 857 2704 tantulae
869 2641 946 2705 dotis
957 2647 1139 2715 contentum,
1155 2649 1287 2704 ceterum
1300 2651 1416 2724 practer

309 2759 432 2805 uxorem
447 2759 531 2804 suam
546 2742 618 2803 nihil
631 2750 863 2823 computantem,
879 2762 999 2804 omnem
1014 2744 1222 2824 supellectilem
1238 2743 1415 2828 cunctasque
1446 2809 1447 2814 ,

259 2870 266 2878 ·
309 2842 424 2906 diuitias
444 2843 474 2905 in
494 2843 651 2906 concordia
670 2845 800 2924 coniugii
817 2854 846 2907 ct
864 2855 968 2908 mutuo
989 2865 1089 2908 amore
1109 2854 1278 2928 ponentem.
1310 2867 1414 2930 qemu-
1509 2878 1512 2885 ·

308 2965 397 3026 quam
417 2946 482 3028 quis
503 2945 638 3009 omnium
657 2948 705 3008 uel
725 2947 826 3028 exigue
846 2967 946 3011 rerum
969 2947 1081 3030 peritus
1101 2949 1219 3030 ctdpare
1236 2950 1368 3027 auderet,
1389 2953 1414 3014 si

375 3163 480 3214 inichil
492 3164 537 3233 licp
565 3161 576 3234 11
602 3153 621 3214 '5
638 3164 872 3230 impraesentiarum
888 3181 929 3236 φν
947 3167 1142 3235 (inolitarum
1154 3169 1267 3223 actalia
1280 3169 1383 3233 mern)
1410 3168 1415 3235 1

307 3247 497 3311 imposterumv
516 3248 520 3312 1
540 3247 740 3314 deprehendesc
762 3245 772 3314 11
797 3248 813 3298 6
830 3261 886 3298 nam
897 3251 1002 3316 scripsit
1015 3250 1064 3300 iam
1072 3247 1137 3315 For
1159 3245 1171 3316 1
1194 3249 1413 3314 emmerami,

232 3349 236 3361 =
308 3343 356 3378 orn.
367 3325 429 3394 ‹pV3
441 3330 467 3378 iu
481 3333 602 3396 maulam
613 3343 707 3380 mutarn
718 3332 893 3380 sarmatiam
904 3332 932 3381 io
943 3333 1062 3396 margine
1070 3330 1219 3402 adimpfeo
1231 3337 1331 3396 pactam
1340 3333 1413 3385 modo

306 3407 515 3472 lliidelrandiae,
528 3409 620 3462 dictam
631 3411 802 3462 tautummodo
815 3410 921 3464 ludetur
940 3409 944 3473 Ι
965 3411 981 3462 8
993 3412 1136 3464 conditione
1149 3411 1169 3463 F
1190 3411 1194 3476 Ι
1214 3412 1413 3463 coniunctionem

307 3490 485 3544 Carantonus:
503 3490 684 3544 coniectionem
701 3491 774 3561 llcpv:
793 3491 983 3548 consentionem
1001 3493 1140 3558 Acidaliae,
1159 3492 1340 3544 connexionem
1352 3493 1415 3562 Lip-
1451 3497 1454 3500 ’

305 3574 374 3636 rius,
389 3571 588 3637 compectionem
597 3571 793 3626 Hiidairandim
819 3573 824 3640 1
850 3574 983 3627 sioddidi:
1002 3573 1342 3640 sinullis-demigrassetc
1364 3572 1374 3643 11
1397 3577 1413 3625 9

526 3663 540 3690 a
556 3651 586 3692 ud
608 3663 664 3692 mco.
680 3665 720 3694 aec.

306 3707 343 3758 uti
356 3707 409 3776 lim,
422 3713 450 3758 ut
462 3723 479 3758 v
505 3704 512 3773 1
536 3663 567 3772 gt!
600 3651 608 3704 (
722 3653 762 3777 >m
787 3705 797 3776 1
824 3709 855 3760 tc
871 3725 933 3762 uero
951 3709 998 3761 dei.
1016 3708 1159 3762 Salmasius
1180 3706 1190 3776 1
1214 3709 1242 3760 11
1258 3709 1385 3766 dimidias
1405 3709 1415 3777 11

306 3789 338 3840 13
351 3787 429 3840 luerit
440 3789 470 3852 F,
482 3786 567 3838 iuerat
579 3805 610 3855 φ,
623 3787 712 3840 luatV
739 3787 744 3858 1
771 3789 892 3860 anFmV,
911 3797 965 3850 nte
988 3789 998 3860 1
1021 3792 1052 3844 14
1063 3791 1229 3842 Aemilianum
1242 3791 1296 3860 llo,
1307 3789 1413 3844 Aemili-

228 3919 233 3928 ,
305 3884 396 3922 anusv
421 3869 425 3936 1
449 3868 526 3922 .CCC.
540 3870 608 3920 milia
622 3887 646 3934 v,
660 3878 775 3922 trecenta
788 3872 923 3942 milliaFrp
947 3871 957 3940 1
983 3874 1087 3940 lhcape
1100 3874 1135 3924 sis
1147 3872 1264 3924 Iahnius:
1278 3887 1370 3938 capena
1382 3871 1413 3936 F,

305 3951 407 4015 capiam
423 3967 464 4020 φν
489 3949 502 4017 1
525 3949 849 4016 tertullianistarum
872 3951 882 4020 1
907 3953 939 4004 18
956 3953 1055 4008 .CCGC.
1072 3953 1172 4014 milibus
1189 3954 1252 4024 llcpr
1274 3952 1285 4022 1
1310 3955 1342 4004 te
1357 3951 1412 4004 foe-

305 4031 399 4084 minae
425 4031 430 4100 Ι
457 4032 578 4086 trecentis
588 4031 700 4088 millibus
709 4033 762 4101 lirp,
776 4032 852 4087 .CCC.
865 4034 966 4089 milibus
978 4051 997 4094 v*
1017 4033 1028 4102 1
1052 4036 1085 4088 ²0
1097 4043 1124 4086 et
1135 4036 1240 4088 smhccit
1249 4034 1368 4086 Iahnius:
1382 4049 1412 4086 ea

306 4111 421 4176 Celadus,
438 4112 591 4179 ecclipsim
618 4111 629 4180 11
657 4115 687 4166 21
702 4115 811 4180 epraotis
824 4132 842 4167 r
872 4115 877 4182 1
908 4125 1066 4168 caeternmv
1094 4115 1104 4185 1
1132 4117 1165 4168 22
1183 4115 1259 4170 nichil
1275 4112 1333 4185 llo:
1350 4115 1414 4167 nihil

306 4191 415 4247 omium
425 4193 557 4247 Acidaliae
574 4191 584 4259 1
600 4194 633 4244 23
646 4186 942 4260 camaracenorum:
956 4199 1069 4263 coniugia
1081 4199 1154 4268 Fmv:
1169 4194 1296 4264 coniugali
1306 4198 1412 4256 Wcrcc·

305 4287 351 4324 rm
377 4270 382 4340 1
409 4274 711 4342 mutuoLipaicaamulto
724 4277 787 4347 upv
813 4277 820 4346 1
845 4295 1012 4348 quanquamv
1035 4279 1046 4350 1
