3232 5028
297 382 338 466 8'8
641 381 1065 451 c.arvcnruaoavnnnsrs
1331 469 1333 474 ,

150 487 166 527 1.
179 488 240 526 anub.
255 487 272 526 1.
281 487 329 528 tub.
1318 477 1361 522 m
1376 481 1487 524 onm-

301 555 350 618 uel
363 553 527 635 neglectui
541 551 682 616 auxilium
696 511 793 614 mariti
807 548 967 614 aduersum
981 547 1044 614 eius
1058 549 1244 630 desperatam
1258 548 1410 614 auaritiam
1599 593 1603 628 Ι

301 656 544 738 comparandum.
829 683 832 686 ·
1217 651 1222 658 '

1602 1339 1603 1384 I

1602 1415 1603 1452 l

1602 1459 1603 1504 I

1602 1547 1603 1606 l

168 761 299 816 LXXVIII
388 758 475 820 Hisce
495 755 605 820 auditis·
620 756 808 820 exacerbatus
827 754 994 836 aquariolus
1017 753 1074 816 ista
1093 753 1194 818 amoris
1213 771 1285 817 suae
1304 753 1344 816 ita
1367 753 1410 817 ira

300 841 511 935 autumnitita
525 857 632 922 exarsit
646 859 757 934 lurore,
778 864 812 920 ut
831 857 862 919 in
875 853 1016 920 feminam
1036 853 1253 918 sanctissimam
1273 863 1303 918 et
1320 855 1408 937 pudi-

301 962 450 1026 cissimam
464 966 618 1043 praesente
631 960 691 1024 filio
706 959 770 1023 eius
785 958 871 1042 digna
885 959 1020 1022 cubiculo
1036 975 1090 1021 suo
1107 957 1224 1044 diecret,
1239 957 1407 1020 amauioam
1423 935 1483 1056 (ξω)

302 1082 377 1140 eam,
392 1081 440 1127 me
455 1083 575 1144 magum
589 1069 619 1124 et
633 1061 797 1125 ueneficum
812 1059 973 1126 clamitaret
991 1059 1093 1124 maltis
1107 1059 1302 1135 audientibus,
1323 1077 1409 1140 quos,

302 1169 327 1230 si
341 1168 436 1241 uoles,
451 1164 628 1228 nominabo:
644 1183 676 1227 so
691 1163 764 1226 mibi
778 1183 832 1227 sua
845 1181 937 1227 mauu
947 1169 1076 1228 mortem
1086 1163 1251 1226 allaturum.
1276 1162 1327 1225 uix
1339 1162 1410 1224 ber·

302 1267 366 1332 cule
390 1283 515 1350 possum
539 1265 599 1330 bae
623 1264 786 1331 moderari:
819 1266 921 1347 ingens
952 1263 1111 1346 indignatio
1141 1263 1240 1326 auimo
1267 1264 1409 1327 oboritur.

301 1379 382 1446 tune,
404 1367 664 1444 effeminatissime,
688 1375 740 1432 tua
758 1386 849 1433 manu
867 1367 1005 1449 cuiquam
1018 1367 1084 1430 uiro
1099 1364 1409 1430 mortemrninitarisi

302 1479 331 1534 at
354 1489 412 1553 qua
432 1472 552 1533 tandem
574 1466 688 1534 manu?
705 1470 901 1534 .Philomelae
925 1485 963 1532 an
982 1469 1099 1532 Medeae
1122 1485 1160 1530 an
1179 1467 1409 1551 Clytemestrae?
1431 1474 1463 1526 to

303 1593 375 1656 quas
390 1581 571 1638 tamencum
585 1572 730 1636 soltas—
739 1579 820 1634 tanta
830 1571 952 1636 mollitia
962 1569 1062 1646 aniani,
1077 1565 1082 1657 Ι
1100 1577 1182 1634 tanta
1194 1570 1324 1635 termido
1338 1569 1410 1634 terri

302 1683 416 1752 θεῖ-η
437 1675 500 1738 sine
520 1674 637 1738 cludine
657 1674 754 1738 saltas.
784 1673 837 1736 sed
855 1691 894 1736 ne
919 1673 1035 1756 longius
1059 1673 1096 1736 ab
1121 1672 1226 1736 ordine
1250 1671 1409 1754 dimedio:

301 1777 465 1840 Pudentilla
479 1784 640 1858 postquam
654 1776 748 1838 tilium
761 1775 836 1839 aiau
855 1783 971 1860 praeter
989 1773 1160 1858 opinionem
1181 1776 1294 1855 [contra
1312 1775 1407 1854 suam]

303 1897 367 1942 esse
384 1877 578 1958 [sententiam]
595 1879 798 1960 deprecatum,
818 1897 871 1942 rus
885 1878 1017 1960 prolecta
1030 1876 1149 1960 scripsit
1165 1877 1203 1940 ad
1216 1895 1286 1940 eum
1306 1875 1408 1940 obiur-

302 1979 389 2060 gandi
403 1979 494 2060 gratia
506 1979 572 2042 illas
585 1979 800 2044 famosissimas
819 1979 928 2056 literas,
949 1979 1066 2062 mribus,
1086 1986 1120 2044 ut
1133 1978 1182 2044 isti
1195 1977 1320 2055 aiebant,
1334 1995 1407 2043 oon·
1430 1991 1464 2043 ts

301 2081 380 2143 fessa
398 2087 452 2154 est,
479 2099 544 2144 sese
564 2098 631 2144 mea
654 2082 749 2164 magia
767 2079 799 2146 in
820 2099 954 2146 amorem
971 2081 1122 2146 inductam
1137 2080 1313 2166 dementire:
1335 2099 1408 2163 qaus
1420 2102 1483 2158 (aaa)

301 2189 402 2244 umen
423 2182 521 2247 literas
542 2200 558 2246 e
579 2183 735 2260 tabulario,
754 2181 900 2248 Pontiano
919 2190 1073 2264 praesenta
1094 2190 1124 2246 et
1142 2191 1245 2248 contra
1264 2181 1409 2247 scribente

302 2284 475 2361 Aemiliano,
490 2285 714 2350 nudiustertius
728 2293 781 2350 tuo
795 2286 889 2362 iussu,
909 2285 1043 2361 Maximo,
1061 2293 1168 2350 testato
1188 2285 1407 2367 descripsimus,
1602 2277 1603 2366 Ι

229 2413 231 2418 ’
300 2387 453 2469 inquibus
468 2389 568 2452 omnia
582 2395 686 2461 contra
704 2387 951 2471 praedicationem
970 2387 1097 2452 istorum
1111 2405 1167 2470 pre
1187 2405 1236 2452 me
1253 2388 1407 2470 reperiun-
1599 2393 1603 2488 Ι

152 2494 359 2576 cxvaIIItur.
389 2507 579 2577 quamquam,
593 2491 649 2554 etsi
668 2491 827 2557 districtius
842 2507 962 2572 magum
976 2509 1025 2553 me
1043 2491 1173 2566 dixisset,
1193 2496 1296 2573 posset
1314 2489 1408 2556 raideri
1428 2503 1461 2555 aa

300 2591 517 2668 excusabunda,
542 2611 575 2656 se
599 2593 658 2656 lilio
684 2594 747 2658 uim
772 2610 869 2656 meam
890 2609 979 2674 quam
993 2593 1177 2657 uoluntatem
1196 2590 1281 2658 stram
1295 2593 1409 2658 causari
1599 2501 1603 2742 1

204 2691 207 2698 ’
302 2692 449 2756 maluisse.
477 2711 515 2756 an
536 2696 599 2758 sola
611 2693 744 2758 Phaedra
757 2696 866 2759 falsum
880 2696 1049 2778 epistolium
1068 2694 1112 2758 de·
1124 2712 1226 2759 amore
1242 2703 1408 2760 commenta

302 2791 367 2854 est?
396 2800 426 2854 at
444 2810 507 2856 non
527 2795 665 2860 omnibus
685 2797 857 2862 mulieribus
872 2799 944 2862 baec
959 2817 1008 2862 ars
1023 2799 1129 2861 usitata
1143 2805 1197 2874 est,
1211 2805 1255 2873 ut,
1271 2817 1341 2862 eum
1354 2799 1407 2862 ali-

302 2895 371 2974 quid
391 2895 454 2958 eius
474 2897 557 2960 modi
575 2897 650 2962 uelle
669 2908 839 2980 coeperunt,
867 2899 970 2964 malint
989 2907 1107 2964 ¹coactae
1125 2896 1243 2964 uideri?
1282 2901 1362 2981 qudd
1382 2901 1408 2963 si

302 2995 389 3058 etiam
403 2997 502 3060 animo
517 2999 557 3061 ita
570 3001 686 3082 putauit
702 3002 760 3080 [me
774 2989 894 3084 magum
908 3004 994 3082 esse],
1010 3002 1156 3067 idcircone
1170 3021 1275 3084 magus
1289 3002 1406 3078 habeon
1427 3018 1462 3069 to

370 3270 547 3340 initlorum
570 3270 796 3344 llll'oanainamv
820 3273 826 3340 Ι
856 3274 1185 3344 capacissimam
1208 3273 1218 3344 Ι
1247 3275 1381 3328 iuiobiF
1403 3274 1409 3343 Ι

300 3353 479 3422 montirulo
504 3350 510 3420 Ι
535 3352 667 3405 illaturum
680 3353 846 3408 Cacodoaue
877 3353 888 3424 Ι
923 3349 1041 3408 Otene}
1053 3355 1164 3409 minitari
1179 3356 1375 3410 Hddelmdtin
1403 3356 1408 3424 Ι

300 3433 528 3486 effoeminatissimo
540 3448 558 3485 v
581 3430 591 3501 Ι
603 3432 647 3488 ,lo
659 3433 837 3489 clitemnestra
849 3435 919 3505 FtpV
932 3437 1005 3506 (poet
1014 3435 1118 3496 limat
1130 3437 1139 3490 i
1150 3438 1210 3491 inl*
1222 3441 1327 3503 mma)
1349 3436 1361 3506 Ι
1374 3438 1404 3490 11

300 3527 356 3564 cum
368 3513 453 3566 saltas
460 3513 574 3582 Lt'po'us:
587 3513 718 3567 consultas
730 3515 793 3582 lima
819 3514 824 3582 Ι
850 3517 991 3569 molliciav
1016 3515 1023 3582 Ι
1049 3517 1131 3583 animi]
1145 3523 1200 3572 niv
1227 3518 1239 3587 Ι
1263 3520 1294 3572 12
1306 3518 1405 3576 cludine

299 3592 373 3662 nav:
387 3594 503 3647 eramen
517 3595 692 3662 maecenas,
705 3595 807 3648 Iunone
820 3597 926 3650 ouum·
948 3597 959 3667 Ι
988 3599 1020 3650 la
1032 3585 1097 3652 bart
1111 3603 1216 3670 omps:
1234 3599 1304 3651 aaa
1315 3599 1377 3668 spa
1397 3597 1407 3666 Ι

301 3729 332 3780 13
345 3733 372 3780 el
383 3730 415 3782 14
427 3731 504 3782 uerba
515 3737 604 3782 eunuc
616 3745 687 3782 suana
699 3733 849 3785 olonnam
860 3735 934 3787 anob
944 3733 1038 3786 taetus
1049 3731 1060 3802 ΙΙ
1073 3735 1105 3786 15
1117 3679 1407 3787 fflfflffiimercl

293 3807 329 3874 F,
342 3807 805 3880 formosissimasmlamosissimasv
830 3810 835 3881 Ι
861 3800 1030 3886 laceratio,
1042 3813 1126 3868 liasv
1161 3815 1173 3885 Ι
1206 3818 1237 3867 17
1255 3829 1269 3866 o
1285 3814 1345 3868 odd.
1359 3815 1407 3867 ca-

298 3889 429 3958 saubonus
447 3888 458 3968 ΙΙ
483 3891 639 3961 Potitianis:
654 3892 754 3959 publico
773 3893 947 3948 cautem
971 3895 977 3964 Ι
1007 3897 1182 3949 conscribenta
1195 3894 1345 3966 Vrsinuall
1374 3895 1406 3948 18

300 3971 545 4042 describsImusF'jl
569 3975 603 4026 20
619 3972 809 4047 destrictiaall
838 3971 843 4042 Ι
875 3990 1012 4048 orcamp
1035 3976 1046 4046 Ι
1073 3978 1105 4031 21
1119 3978 1301 4030 excusabunda
1313 3992 1341 4028 so
1350 3975 1406 4028 ulie

301 4067 323 4115 ς,
340 4053 531 4107 excusabundu's
544 4053 612 4106 adlio
626 4053 655 4118 F,
673 4055 867 4109 excusabundus
884 4064 911 4110 et
927 4055 979 4109 fllio
997 4075 1029 4128 φ,
1047 4059 1240 4111 excunbnndns
1257 4074 1273 4110 e
1289 4057 1379 4112 lilioV
1397 4057 1409 4126 Ι

231 4189 234 4194 ,
300 4130 332 4181 22
345 4128 460 4184 Pboedra
470 4149 488 4185 v
509 4131 530 4202 Ἰ
546 4135 578 4186 13
590 4141 617 4186 at
628 4133 707 4203 nov,
719 4151 751 4188 an
764 4153 777 4195 ς
799 4135 810 4206 Ι
834 4138 867 4189 25
879 4137 970 4204 animo]
983 4139 1082 4191 omnim
1094 4139 1228 4194 Aetdaitue
1250 4141 1260 4210 Ι
1278 4143 1356 4194 verba
1366 4154 1405 4192 mo

299 4223 398 4274 magum
409 4214 573 4268 massacius·
597 4213 603 4283 Ι
629 4215 754 4288 iccircono
766 4233 784 4270 v
805 4214 817 4287 Ι
834 4208 841 4217 “
