3232 5028
676 437 845 491 meroen
979 473 982 482 .
1245 443 1305 503 tor

132 531 176 572 Ed.
190 527 293 570 Oudend·
1281 526 1297 566 1.
1307 527 1368 568 lata.
1384 527 1458 570 tiit·

200 596 261 660 isto
277 596 439 669 decretum,
453 596 567 657 utinam
577 601 621 668 tu,
635 593 750 667 Rufino,
766 611 939 673 supremum
954 594 1017 656 eius
1027 593 1242 658 iudicinm'non
1251 595 1310 655 im-

201 696 349 779 pedisses!
380 697 541 778 quaemihi
560 704 610 758 aut
630 701 795 758 comment
813 695 939 775 deniquo
957 695 989 758 in
1010 702 1187 758 testamento
1204 697 1311 778 gratias

201 796 322 878 egisset!
345 799 442 862 literas
458 805 567 873 tumen,
583 815 656 878 quas
670 797 707 860 ad
721 816 769 859 me
784 797 957 876 Carthagine
971 799 1019 884 uel
1032 798 1091 860 iam
1102 799 1261 862 adueniens
1276 819 1310 861 ex
1417 877 1420 890 Ὺ

201 902 304 964 itinere
318 901 480 982 praemisit,
495 919 567 981 quas
582 900 679 964 adhuc
692 900 817 974 ualidus,
833 917 905 979 quas
919 900 978 962 iam
993 918 1079 981 aeger
1097 903 1198 983 plenus
1213 903 1310 964 hono-

100 1075 106 1083 ,
165 1021 181 1072 5
202 1004 253 1078 ris,
269 1004 370 1084 plenas
385 1002 504 1077 amoris,
520 1021 640 1082 quaeso,
655 1001 787 1077 Maxime,
802 1002 950 1082 paulisper
963 1003 1078 1066 recitari
1088 1004 1177 1080 sinas,
1192 1011 1227 1066 ut
1240 1005 1312 1066 sciat

202 1107 293 1170 frater
306 1106 380 1180 eius
399 1111 555 1169 accusator
566 1123 663 1178 meus,
685 1123 774 1184 quam
796 1104 848 1165 *tn
861 1104 1001 1166 omnibus
1015 1106 1163 1168 Mineruae
1178 1106 1310 1169 curricu-

130 1231 188 1282 pm)
202 1208 285 1269 lum¹
307 1226 376 1268 cum
390 1207 479 1268 fratre
495 1211 634 1286 optumae
648 1205 809 1278 memoriae
821 1207 887 1269 uiro
902 1211 1009 1269 currat.

285 1461 437 1524 Audistine
449 1461 602 1535 uocabula,
618 1479 692 1540 quae
706 1459 778 1520 mihi
789 1460 951 1522 Pontianus
966 1461 1056 1523 frater
1071 1468 1139 1524 tuus
1154 1463 1308 1538 tribuebat,
1318 1471 1491 1524 lxxxxvii

202 1583 250 1625 me
264 1569 416 1644 parentem
431 1582 530 1637 suum,
546 1582 594 1623 me
606 1563 771 1637 dominum,
786 1583 834 1624 me
845 1563 1019 1644 magistrum
1034 1559 1046 1650 ΙΙ
1062 1561 1410 1648 cumsaepealiasr.1ara.

151 1680 180 1729 10
201 1673 266 1727 tum
280 1665 311 1726 in
326 1671 457 1727 extremo
472 1671 606 1746 tempore
621 1665 698 1727 uitae
712 1661 847 1726 uocans?
869 1685 990 1748 possem
1008 1673 1073 1728 tuas
1094 1685 1212 1749 quoque
1230 1667 1308 1748 paris

114 1791 127 1802 „
201 1767 340 1853 epistulas
353 1783 498 1848 promere,
513 1777 540 1829 et
552 1786 732 1846 promerem,
753 1767 778 1828 si
792 1768 841 1828 uel
855 1766 988 1848 exiguam
1003 1787 1118 1830 moram
1135 1771 1208 1830 tanti
1221 1777 1309 1852 puta-

201 1889 279 1934 rem:
295 1869 394 1952 potius
409 1877 618 1931 testamentum
633 1869 705 1931 illud
720 1887 822 1932 recens
837 1870 880 1932 tui
894 1871 993 1933 fratris
1008 1871 1309 1953 quamquam-imper·

176 2029 182 2045 ,
201 1973 321 2046 lectum,
336 1977 435 2033 tamen
450 1969 576 2052 proferri
591 1990 740 2054 cuperem,
760 1971 790 2032 in
811 1991 870 2053 quo
892 1973 950 2034 mei
971 1973 1186 2036 officiosissime
1204 1981 1233 2036 et
1251 1973 1308 2035 ho-

201 2073 367 2137 nestissime
396 2073 540 2136 meminit.
590 2074 669 2153 quod
697 2081 797 2135 tamen
825 2082 1033 2136 testamentum
1062 2063 1186 2138 Rufinus
1214 2095 1310 2156 neque

131 2156 187 2279 ἐξ)
202 2175 366 2258 comparari
392 2195 488 2256 neque
513 2175 614 2258 perlici
638 2193 744 2256 passus
770 2183 816 2237 est
839 2175 952 2256 pudore
978 2177 1107 2258 perditae
1131 2177 1310 2253 hereditatis,

202 2299 289 2362 quam
304 2298 468 2360 paucorum
483 2278 631 2339 mensium
654 2277 760 2358 quibus
782 2297 867 2340 socer
885 2277 1022 2340 Pontiani
1041 2279 1096 2341 luit
1114 2298 1221 2359 magno
1244 2279 1310 2362 qui-

202 2381 269 2444 dem
283 2381 378 2463 pretio
394 2379 527 2443 noctium
543 2388 736 2462 computarat.
766 2388 915 2462 praeterea
935 2381 1035 2443 nescio
1055 2402 1130 2462 quos
1150 2381 1309 2444 Chaldaeos

202 2483 398 2557 consuluerat,
415 2503 473 2564 quo
489 2484 571 2545 lucro
587 2481 676 2544 filiam
691 2483 856 2560 collocaret,
872 2484 932 2565 qui,
946 2491 980 2545 ut
994 2483 1090 2560 audio,
1106 2485 1219 2547 utinam
1238 2485 1309 2548 illud

201 2605 263 2649 non
277 2605 347 2648 uere
362 2587 595 2667 respondissent,
610 2586 740 2666 primurn
761 2587 824 2648 eius
838 2588 978 2649 maritum
997 2588 1029 2649 in
1043 2588 1143 2669 paucis
1158 2587 1310 2651 mensibus

149 2705 181 2754 20
203 2688 397 2752 moriturum:
420 2697 517 2751 cetera
532 2689 610 2751 enim
626 2690 662 2753 de
676 2690 846 2766 hereditate,
867 2698 900 2752 ut
915 2691 1057 2767 adsolent,
1079 2691 1115 2752 ad
1130 2691 1310 2753 considentis

201 2799 307 2855 uotum
323 2793 537 2855 continuerunt.
568 2812 685 2868 nerum,
701 2801 734 2855 ut
749 2793 788 2856 dii
806 2794 937 2870 uoluere,
959 2795 1042 2876 quasi
1065 2813 1150 2857 caeca
1168 2793 1261 2856 bestia
1279 2794 1311 2855 in

202 2915 319 2959 cassum
333 2895 435 2958 hiauit.
464 2895 628 2957 Pontianus
644 2897 723 2958 enim
737 2897 826 2960 liliam
840 2897 940 2960 Rufini
958 2898 1031 2959 mali
1048 2905 1230 2978 compertam
1249 2914 1311 2957 non

203 2999 292 3061 modo
307 2996 447 3060 heredem
462 3014 524 3058 non
538 2997 664 3077 reliquit,
681 2997 733 3058 sed
748 3015 785 3058 ne
798 2999 925 3059 honesto
946 2999 1064 3078 quidem
1085 2999 1179 3078 legato
1199 2999 1310 3078 imper-

273 3167 288 3218 3
300 3166 402 3218 itatem
414 3164 453 3216 ur
471 3161 477 3232 Ι
491 3163 667 3229 compluent
679 3163 709 3230 F,
722 3161 908 3230 Carthagiadv
924 3163 935 3232 fl
950 3164 1098 3233 lpmiuitp
1115 3163 1125 3232 p
1142 3163 1204 3232 tpl.
1217 3165 1310 3215 amoris

203 3249 306 3317 scripsit
317 3247 422 3298 ludatur
445 3244 455 3314 d
479 3245 496 3298 6
511 3261 584 3313 (μω
599 3246 624 3296 ἰιι
641 3245 756 3297 omnibus
767 3245 897 3298 Mineruae
914 3244 1076 3310 curriculum]
1089 3248 1168 3298 verda
1177 3249 1310 3314 corrupta:

203 3347 276 3401 marn
292 3327 410 3381 infaustis
422 3328 545 3380 ominibus
557 3328 591 3380 Μ.
605 3343 627 3380 c.
639 3326 805 3392 Stmselrius,
821 3341 894 3394 quan
908 3325 934 3376 in
951 3325 1063 3378 omnibns
1079 3326 1208 3378 diuersum
1225 3343 1247 3378 o.
1262 3325 1311 3378 Go-

203 3415 348 3476 soudonus,
369 3426 442 3478 quam
462 3411 488 3462 in
505 3411 619 3462 omnibus
635 3410 737 3460 diuerso
754 3425 777 3459 c.
795 3407 936 3474 Gruterus,
957 3421 1030 3475 quam
1047 3407 1072 3458 ia
1089 3408 1203 3460 omnihus
1220 3407 1310 3473 miser,

203 3497 270 3548 uitae
283 3510 305 3548 o.
319 3493 473 3563 Lennepa‘us,
486 3509 559 3560 quarn
571 3494 596 3543 in
608 3492 722 3543 omnibus
734 3492 814 3558 impar·
824 3489 865 3541 ool
875 3487 1002 3540 inenorme
1014 3489 1117 3559 Lipsius
1140 3488 1151 3559 ΙΙ
1174 3491 1189 3541 t
1203 3490 1311 3556 optimae

203 3580 257 3648 llp,
274 3575 426 3645 optumutv
452 3573 457 3642 l
483 3575 523 3628 uir·
535 3581 655 3626 occurrat
666 3572 744 3642 npv,
756 3572 813 3623 uiro
826 3578 914 3622 currat
927 3586 950 3628 cr
968 3571 1025 3621 niro
1038 3579 1158 3623 occurrat
1169 3571 1312 3624 Beroaldus

201 3659 205 3728 Ι
227 3663 290 3729 post
305 3665 394 3710 currat
409 3656 487 3722 culpo
498 3655 598 3706 adducat
608 3651 724 3706 Pontiani
737 3653 828 3704 literae
853 3651 864 3723 fl
888 3653 904 3704 8
917 3652 1045 3706 tribuebat
1056 3654 1172 3707 ludatur:
1185 3655 1311 3706 moeret

203 3742 266 3811 va
289 3737 300 3808 Ι
325 3740 357 3791 to
368 3753 468 3804 possem
481 3737 532 3808 up,
545 3743 678 3804 postquam
689 3736 724 3788 V:
740 3743 799 3804 post
811 3736 907 3804 qmrem
918 3735 1112 3788 audemundus
1134 3733 1145 3805 d
1171 3737 1199 3789 11
1214 3737 1311 3806 episto·

203 3823 241 3872 las
259 3819 322 3889 quv
348 3818 353 3886 Ι
379 3833 505 3887 promere,
518 3820 966 3889 etpronteremsctu'prizpromerem
976 3815 1212 3886 FrpV,promerae
1240 3817 1250 3886 fl
1279 3820 1310 3872 12

203 3917 341 3970 quanquam
353 3917 370 3952 v
393 3899 404 3969 ll
429 3901 460 3952 15
473 3899 614 3967 comparari
626 3915 651 3966 v,
669 3900 809 3966 comparari
821 3897 879 3969 Fp:
896 3913 1043 3966 comparere
1054 3895 1173 3968 Lipsius,
1190 3899 1311 3968 compleri

204 3982 369 4036 Casmdouus
395 3981 399 4049 Ι
426 3982 501 4034 etium
517 3983 613 4048 pudore
627 3998 649 4039 s:
667 3987 719 4032 turo
736 3983 831 4049 pudore
848 3978 1004 4033 Steweeht‘us
1026 3977 1037 4050 l
1063 3979 1093 4031 17
1106 3980 1191 4047 precio
1204 3997 1221 4032 v
1244 3977 1255 4050 ΙΙ
1280 3981 1311 4033 19

202 4063 388 4130 responderunt
410 4063 534 4118 Prieneus
563 4059 574 4132 ss
601 4063 634 4114 20
658 4070 761 4114 coetera
781 4079 798 4113 v
829 4060 833 4120 Ι
863 4061 1021 4114 haereditate
1041 4079 1058 4114 v
1089 4060 1094 4128 Ι
1124 4062 1278 4132 assolsrtap
1304 4061 1312 4129 ll

202 4147 234 4198 21
247 4147 306 4198 muli
319 4146 498 4201 Ommedocus:
510 4147 576 4198 male
586 4145 659 4215 Fapv:
672 4144 789 4196 maleficii
799 4142 838 4198 W
837 4159 937 4197 murus
957 4142 968 4212 Ι
988 4145 1021 4196 23
1033 4143 1166 4194 haeredem
1178 4159 1195 4194 v
1221 4141 1225 4208 Ι
1248 4143 1310 4194 reli-

233 4226 299 4282 tros-i

202 4284 255 4349 qne
306 4283 362 4353 Fl
