3226 5026
310 413 353 483 aa
649 409 677 461 a.
694 405 818 463 arvom
835 405 1072 458 moraviensis

156 511 173 551 1.
182 507 244 549 nac
256 503 327 544 tlon
1325 493 1369 538 ld.
1383 493 1491 536 οιᾱρῃᾱ,

307 568 455 647 Lyconem
469 570 642 644 metasque
656 562 787 626 Platonis
801 560 944 635 minores,
963 561 1015 640 qiu
1033 560 1178 642 plurimos
1198 561 1291 624 lbros
1309 562 1346 624 de
1365 581 1416 643 ge-

308 669 373 730 nitu
386 667 557 730 animalium
572 667 665 746 deque
680 666 761 728 uictu
776 663 870 742 deque
884 663 1034 743 particulis
1049 663 1144 742 deque
1159 663 1243 725 omui
1254 663 1417 730 differentia

307 772 497 850 reliquerunt.
525 769 602 832 bene
626 770 706 849 quod
731 765 809 847 apud
827 769 871 837 te,
891 764 1029 839 Maxime,
1049 783 1138 828 causa
1157 765 1266 845 agitur,
1292 768 1343 846 qui
1361 785 1415 847 pro

306 882 356 936 tua
380 871 544 935 eruditione
571 871 666 950 legisti
684 869 817 950 proiecto
842 866 1007 930 Aristotelis
1032 862 1112 954 sosoi
1135 861 1227 951 ζῴων
1248 861 1414 949 γενέσεως,

307 970 386 1058 περὶ
412 967 503 1059 ζῴων
530 963 704 1057 ἀνατομῆς,
736 968 816 1053 περὶ
845 965 937 1056 ζῴων
964 963 1112 1054 ἱστορίας
1144 971 1297 1052 multiiuga
1327 973 1452 1042 nolu-s

307 1079 397 1152 mina,
409 1082 559 1156 praeterea
570 1074 753 1156 problemata
766 1077 922 1140 innumera
932 1075 1075 1149 eiusdem,
1090 1081 1156 1136 tum
1170 1095 1206 1138 ex
1220 1075 1322 1138 eadem
1334 1081 1414 1136 secta
1427 1093 1486 1146 (aas)

307 1187 484 1252 ceterorum,
505 1178 661 1258 inquibus
682 1178 712 1240 id
733 1196 826 1259 genus
846 1179 927 1242 uaria
949 1184 1121 1242 tractantur.
1151 1196 1225 1257 qaue
1243 1184 1325 1238 tanta
1346 1196 1415 1240 cura

308 1280 473 1361 conquisita
492 1280 517 1342 si
535 1280 696 1343 honestum
714 1288 744 1341 et
761 1282 924 1360 gloriosum
943 1265 999 1342 illis
1017 1281 1074 1342 luit
1095 1279 1233 1355 scribere,
1258 1298 1312 1342 cur
1329 1287 1415 1360 turpe

308 1384 347 1446 sit
360 1383 447 1446 nobis
462 1379 610 1463 experiri?
632 1383 805 1463 praesertim
824 1403 895 1446 cum
915 1383 1078 1447 ordinatius
1096 1389 1126 1444 et
1144 1383 1298 1446 cohibilius
1313 1383 1414 1444 eadem

308 1485 416 1548 Graece
435 1491 464 1546 et
478 1485 579 1547 Latine
599 1484 714 1550 adnitar
728 1486 913 1549 conscribere
928 1493 957 1550 et
971 1486 1003 1548 in
1018 1485 1156 1550 omnibus
1171 1491 1221 1548 aut
1238 1485 1347 1548 omissa
1362 1485 1414 1548 ad·
1436 1501 1469 1550 10

248 1574 276 1636 s
308 1587 423 1667 quirere
436 1593 488 1650 aut
499 1587 611 1650 delecta
622 1589 768 1669 supplere.
795 1589 967 1670 permittite,
982 1589 1008 1651 si
1020 1577 1190 1670 operuisset,
1205 1565 1349 1668 quiedfni
1361 1587 1415 1668 legi

308 1691 344 1752 de
358 1691 479 1770 mageis
500 1691 584 1764 meis,
604 1699 638 1754 ut
656 1691 728 1754 sciat
746 1709 796 1752 me
815 1691 994 1754 Aemilianus
1016 1691 1101 1772 plura
1123 1709 1212 1772 mam
1227 1697 1311 1770 putat
1325 1707 1416 1771 quae-

204 1827 220 1866 s,
229 1826 292 1866 mh,
307 1810 373 1854 rere
387 1799 417 1856 et
431 1792 533 1853 sedulo
549 1794 709 1873 explorare.
733 1812 837 1874 prome
852 1801 887 1856 tu
901 1794 1010 1856 librum
1024 1811 1040 1854 e
1052 1793 1169 1856 Graecis
1188 1790 1192 1876 1
1212 1793 1296 1868 meis,
1312 1789 1325 1877 11
1340 1811 1416 1872 quos

306 1893 383 1956 forte
404 1893 453 1956 bio
472 1893 558 1956 amici
582 1894 721 1969 habuere,
737 1895 789 1956 sed
809 1899 910 1976 atique
928 1896 1107 1959 naturalium
1128 1897 1344 1976 quaestionum,
1370 1903 1415 1956 at-

307 2016 364 2077 que
384 2015 453 2058 eum
471 1997 607 2071 maxime,
627 1998 659 2058 in
679 2017 737 2078 quo
758 1999 842 2079 plura
867 1999 903 2060 de
922 1999 1047 2079 piscium
1068 2015 1173 2078 genere
1193 2005 1314 2060 uastata
1333 2006 1411 2062 sunt.
1427 1989 1487 2107 (¹429)

306 2101 427 2173 interea,
443 2099 515 2162 dum
529 2099 576 2160 bic
591 2100 712 2178 quaerit,
728 2119 783 2180 ego
798 2102 964 2182 exemplum
980 2102 1023 2163 rei
1037 2106 1208 2182 competens
1224 2101 1333 2164 dixero.

172 2219 298 2274 xxxvu
394 2201 555 2283 Sophocles
570 2209 657 2282 poeta
670 2203 802 2284 Euripidi
816 2204 949 2267 aemulus
965 2211 995 2264 et
1008 2210 1157 2284 superstes
1178 2203 1262 2279 (uixit
1281 2205 1359 2266 enim
1377 2204 1414 2266 ad

305 2313 466 2369 extremam
481 2310 650 2384 senectam),
670 2325 738 2368 oum
752 2306 841 2385 igitur
854 2312 1040 2368 accusaretur
1053 2325 1070 2368 a
1084 2305 1144 2368 lilio
1160 2313 1278 2368 suomet
1292 2306 1414 2369 demeu-

305 2408 371 2484 tiae,
387 2409 470 2489 quasi
484 2409 542 2470 mm
561 2428 615 2491 per
634 2415 759 2472 aetatem
774 2409 927 2490 desiperet,
947 2409 1106 2490 protulisse
1127 2408 1233 2472 dicitur
1251 2409 1413 2472 Coloneum

306 2529 401 2586 suam,
423 2512 620 2592 peregregiam
640 2512 867 2591 tragoediarum,
888 2530 977 2594 quam
995 2513 1073 2573 forte
1090 2518 1156 2573 tum
1174 2512 1206 2574 iu
1224 2531 1260 2574 eo
1279 2517 1412 2593 tempore
1434 2533 1469 2584 ao

307 2613 519 2689 conscribebat,
535 2631 600 2676 eam
615 2613 760 2676 iudicibus
774 2615 879 2694 legisse
894 2631 949 2676 nec
968 2613 1124 2694 quicquam
1143 2615 1270 2696 amplius
1289 2633 1344 2697 pro
1361 2616 1413 2695 de-

305 2715 440 2778 tensione
460 2735 513 2778 sua
534 2716 689 2790 addidisse,
704 2716 761 2776 nisi
780 2724 815 2778 ut
833 2717 971 2780 audacter
989 2717 1152 2778 dementiae
1172 2718 1412 2791 condemnarent,

307 2817 331 2879 si
347 2818 476 2879 carmina
490 2817 568 2878 senis
585 2819 778 2898 displicerent.
805 2819 845 2880 ibi
857 2838 911 2898 ego
923 2820 1091 2899 comperior
1102 2820 1199 2881 omnis
1210 2819 1320 2881 iudices
1331 2826 1412 2881 tanto

307 2925 411 2999 poetae
426 2918 634 2994 adsurrexisse,
653 2920 736 2982 miris
757 2921 891 2983 laudibus
913 2941 980 2985 eum
994 2923 1097 2986 tulisse
1116 2922 1153 2982 ob
1173 2922 1338 3001 argumenti
1352 2922 1413 2982 sol-

325 3207 341 3254 4
360 3205 499 3256 Aristotelis
517 3204 606 3269 fragm.
625 3205 665 3260 ed.
683 3205 752 3258 Rosa
769 3219 794 3268 p.
814 3207 864 3254 272
884 3211 911 3255 et
930 3205 989 3255 210.

374 3507 386 3560 1
401 3503 520 3561 Lioonem
531 3507 576 3577 Frp
592 3507 596 3577 1
611 3516 778 3576 caeterosque
789 3525 807 3561 v
823 3505 833 3575 1
857 3508 872 3558 3
885 3507 927 3574 qui
938 3512 964 3560 a'a
977 3524 1001 3575 φ
1013 3523 1155 3578 suprascr.
1177 3505 1188 3575 11
1211 3509 1228 3558 4
1239 3503 1410 3558 resecem

305 3589 398 3659 Frlel
423 3587 679 3642 oquATOMfflc
691 3590 761 3660 rav
789 3587 799 3658 1
828 3589 920 3657 apost
935 3590 1065 3640 innumera
1079 3592 1108 3642 aia
1124 3590 1144 3642 F
1161 3589 1260 3648 hcm
1283 3587 1413 3642 medusa

305 3672 612 3743 addeturpwticulacum
638 3670 642 3738 Ι
668 3679 740 3722 recta
752 3671 807 3740 Frp,
820 3669 952 3740 sectavll
977 3673 1192 3722 loacterorumv
1220 3669 1231 3739 11
1264 3667 1344 3720 stou
1359 3669 1413 3720 illis

305 3751 356 3822 ν-1
377 3754 574 3825 9cobibltiusp
597 3752 607 3824 11
632 3753 843 3821 metobaure
874 3752 878 3820 1
904 3753 1036 3818 acquirere
1049 3768 1089 3822 pv
1117 3747 1128 3819 11
1154 3752 1183 3802 11
1203 3765 1296 3817 operae
1312 3749 1413 3804 Serico·

306 3839 369 3901 rute,
384 3852 461 3903 opera
473 3837 536 3906 va
559 3835 569 3905 11
595 3835 625 3888 12
638 3835 749 3903 physicis
762 3834 886 3886 Pricaeus
908 3832 918 3902 11
944 3835 1049 3886 13ch
1075 3832 1080 3899 Ι
1107 3832 1204 3900 siquos
1217 3831 1322 3902 Lipsius
1346 3827 1356 3899 1
1381 3831 1412 3882 lt

298 3917 625 3983 sortsasobuo-attulere
651 3914 656 3982 1
683 3914 798 3988 seduqup
812 3915 841 3982 ll,
855 3915 984 3982 sodalique
996 3931 1048 3982 ‹pvz
1067 3915 1112 3964 sed
1124 3913 1209 3980 utique
1222 3913 1328 3982 Lipsius
1355 3920 1359 3979 1
1386 3918 1413 3962 at

306 3999 417 4062 quintum
429 4000 541 4069 apsens,
558 3999 717 4065 aeguintnm
730 3999 770 4054 W
769 4015 872 4072 merua
894 3993 905 4064 1
935 3997 965 4046 17
978 4004 1068 4062 poetae
1086 3995 1199 4062 euripedi
1215 4010 1232 4046 v
1254 3992 1266 4062 11
1292 3995 1323 4046 19
1336 3993 1411 4046 Colo-

307 4091 396 4128 naenm
407 4078 471 4148 Frpv
494 4077 504 4148 11
528 4079 747 4146 20peregregium
767 4080 839 4148 Fcpv,
859 4078 1068 4144 peregregiam
1098 4075 1109 4145 11
1141 4078 1171 4127 21
1195 4091 1298 4143 eamque
1313 4075 1413 4127 eodum

303 4154 309 4221 Ι
346 4158 522 4228 quiuquomo
558 4159 569 4228 11
609 4162 642 4212 22
664 4163 919 4230 condempnarentqr
952 4158 963 4228 11
995 4161 1028 4212 23
1049 4157 1160 4212 romanis
1181 4156 1212 4223 F,
1240 4171 1359 4211 romanos
1381 4173 1413 4224 φ,

306 4252 392 4289 omnes
412 4256 438 4305 v,
455 4241 561 4300 omnise
582 4241 593 4309 11
616 4243 650 4292 24
666 4243 875 4311 assurrexisserp
898 4237 909 4308 11
