3232 5028
659 448 842 507 ‚annuente
890 477 893 482 ·
916 483 918 494 ·
1273 453 1312 518 81

132 535 176 576 ua.
191 531 294 594 natent.
1286 535 1303 581 r.
1312 539 1372 580 use
1387 540 1403 580 ι,
1415 541 1460 582 ιε..

117 645 119 661 2
202 602 291 664 talem
310 600 429 684 qualem
448 600 542 666 dicitis
560 601 657 686 elegit,
681 609 815 668 coactam
839 605 948 688 ledono
964 605 1016 680 ais,
1037 610 1172 668 osterum
1196 613 1314 688 sempor

203 703 321 786 nuptias
336 711 531 787 aspernatam.
561 705 690 780 nescisti,
699 705 852 786 improbe,
872 706 1027 788 epistulam
1047 712 1129 795 tuam
1148 706 1184 771 de
1204 708 1260 772 ista
1280 726 1312 771 re

202 807 306 882 teneri,
322 806 451 880 nescisti,
473 813 502 868 te
523 812 640 870 tuomet
658 807 829 870 testimonio
844 809 1014 872 conuictum
1028 808 1073 871 iri.
1110 826 1199 896 quam
1213 817 1313 872 tamen

203 908 361 990 epistulam
374 909 539 986 Pudentilla
552 915 659 972 testem
674 916 704 970 et
717 909 844 972 iudicem
859 917 926 972 tuae
946 911 1117 985 uoluntatis,
1136 917 1170 973 ut
1190 928 1263 990 quae
1282 918 1312 975 te

167 1023 183 1074 5
203 1010 301 1072 leuem
321 1017 350 1075 et
368 1011 539 1074 mutabilem
559 1027 614 1074 nee
638 1011 737 1075 minus
761 1013 934 1106 mendaeem
955 1018 984 1074 et
1003 1011 1194 1096 inpudentem
1215 1012 1311 1086 sciret,

202 1113 306 1176 maluit
310 1113 445 1182 retinere
460 1131 549 1205 quam
563 1113 690 1186 mittere.
724 1099 879 1194 netarum
870 1132 935 1198 ipsa
950 1113 986 1176 de
1001 1128 1035 1176 ea
1048 1132 1083 1178 re
1095 1113 1240 1176 Pontiano
1256 1131 1312 1178 suo
1407 1125 1408 1129 ’

179 1214 329 1278 Romam
344 1215 470 1298 scripsit,
486 1215 574 1278 etiam
590 1233 694 1280 causas
709 1215 824 1279 eousdu
835 1235 882 1282 sm
873 1217 982 1302 plene
997 1215 1140 1296 allegauit.
1177 1211 1249 1288 dixit
1264 1216 1313 1278 illa
1371 1244 1375 1252 ·

136 1376 148 1388 ,,
203 1317 303 1380 omnia
318 1317 353 1384 de
368 1317 551 1382 ualetudine:
566 1317 640 1380 nihil
652 1324 803 1400 praeterea
817 1337 892 1396 esse,
913 1337 966 1384 our
980 1319 1117 1400 amplius
1122 1317 1242 1381 deberet
1256 1316 1311 1378 ob·
1335 1383 1339 1390 ,

202 1421 318 1495 durare,
338 1421 531 1504 hereditatem
551 1419 660 1494 auitam
685 1419 773 1502 longa
796 1420 938 1494 uiduitate
960 1439 1030 1484 oum
1048 1421 1190 1504 despectu
1210 1419 1312 1480 salutis

151 1531 183 1584 to
204 1541 274 1608 suae
294 1523 454 1602 quaesisse,
479 1523 604 1588 eandem
622 1539 740 1596 summa
759 1519 904 1588 industaia
923 1524 1132 1593 auxissetiam
1151 1507 1240 1586 deum
1254 1537 1310 1596 uo,-

202 1623 313 1688 luntate
327 1625 426 1706 ipsum
440 1625 673 1704 uxori‚1lratrem
688 1626 751 1688 eius
765 1625 843 1688 uirili
856 1632 942 1708 togae
956 1627 1080 1713 idoneos
1096 1643 1176 1688 esse:
1192 1622 1311 1686 tandem

203 1727 358 1808 aliquando
374 1745 407 1790 se
422 1745 539 1808 quoque
553 1733 726 1810 paterentur
739 1727 891 1800 solitudini
905 1709 983 1792 suae
996 1735 1027 1796 et
1045 1727 1218 1808 aegritudini
1238 1725 1310 1787 suh—
1413 1757 1424 1766 ·

203 1829 319 1894 uenire:
342 1836 472 1896 ceterum
488 1830 524 1898 do
538 1830 645 1912 pietate
659 1847 714 1894 sua
727 1836 757 1891 et
770 1848 912 1914 supremo
927 1829 1034 1894 iuditio
1049 1830 1120 1892 nihil
1131 1835 1309 1890 metuerent:

203 1932 297 2014 qualis
323 1931 412 2016 uidua
435 1931 478 1994 eis
500 1932 601 2010 luerit,
623 1933 711 1996 talem
735 1939 860 2014 nuptam
884 1933 1026 1996 futuram.
1061 1931 1178 1995 recitari
1203 1928 1315 1992 iubebo

150 2048 182 2099 15
203 2035 369 2118 exemplum
385 2034 526 2116 epistulae
540 2034 629 2098 huius
644 2035 680 2098 ad
695 2034 788 2106 filium
802 2035 920 2116 missae.

288 2241 365 2304 Satis
380 2247 453 2322 puto
469 2257 505 2303 ex
518 2239 582 2302 istis
596 2257 686 2323 posse
701 2238 795 2302 cuiuis
808 2239 929 2320 liquere,
947 2238 1143 2304 Pudentillam
1157 2254 1220 2300 uon
1233 2237 1308 2305 meis
1327 2246 1412 2300 Lxx}

202 2346 381 2414 carminibus
395 2345 431 2407 ab
448 2343 594 2407 obstinata
607 2343 748 2408 uiduitate
763 2342 957 2423 eompulsam
973 2343 1026 2405 sed
1041 2330 1117 2404 olim
1132 2358 1186 2404 sua
1205 2346 1310 2422 sponte

131 2467 222 2521 <saeta
241 2449 379 2511 nubendo
399 2463 462 2508 non
480 2446 604 2508 alienam
624 2465 672 2510 me
692 2445 818 2510 tortasse
837 2463 906 2526 prae
931 2445 1035 2508 ueteris
1055 2443 1203 2506 maluisse.
1237 2459 1312 2524 quae
1345 2526 1348 2532 1

203 2551 305 2636 electio
328 2557 387 2614 tam
406 2549 504 2632 grauis
523 2547 650 2634 feminae
672 2565 725 2612 eur
744 2547 818 2610 mihi
837 2547 953 2624 crimini
973 2547 1076 2630 potius
1095 2563 1183 2630 quam
1203 2542 1310 2608 honori
1393 2531 1395 2536 ’

149 2663 183 2714 10
203 2652 298 2716 danda
323 2652 370 2726 sit,
395 2669 458 2714 non
482 2650 597 2732 reperio
604 2649 616 2716 τ’,
638 2649 809 2712 nisitamen
827 2651 930 2725 miror,
952 2644 964 2736 ΙΙ
984 2649 1065 2730 quod
1083 2648 1262 2710 Aemilianus
1281 2652 1311 2707 et
1324 2666 1340 2706 ι.
1352 2667 1414 2707 noa.

202 2755 326 2826 Rufinus
341 2755 370 2818 id
384 2754 525 2824 iudioium
539 2753 671 2818 mulieris
686 2771 771 2836 aegre
786 2753 896 2834 ferant.
905 2770 976 2816 eum
990 2752 1031 2827 hi,
1047 2751 1097 2833 qui
1115 2749 1310 2813 Pudentillam
1504 2741 1511 2750 ’

201 2858 234 2920 in
247 2858 470 2922 matrimonium
485 2857 664 2939 petiueruut
679 2873 774 2936 aequo
789 2855 888 2918 animo
903 2855 1052 2936 patiantur
1066 2873 1115 2917 me
1126 2853 1182 2917 sibi
1196 2852 1310 2934 praela·
1413 2881 1414 2886 ι

201 2966 276 3024 tum.
293 2961 372 3041 quod
384 2960 502 3042 quidem
513 2959 562 3022 illa
571 2967 606 3021 ut
616 2958 734 3031 iaceret,
749 2957 809 3018 filio
825 2975 880 3019 suo
891 2957 991 3038 potius
1007 2974 1096 3036 quam
1111 2955 1209 3015 auimo
1223 2952 1311 3015 obse·

201 3069 270 3126 outa
283 3070 338 3126 est.
364 3062 405 3124 ita
418 3047 530 3124 laetum
544 3077 602 3122 neo
609 3059 792 3122 Aemilianus
803 3058 912 3140 poterit
922 3074 1037 3138 negare.
1064 3072 1133 3116 uam
1148 3054 1311 3116 Pontianus

148 3177 182 3230 25
201 3164 327 3246 aooeptis
342 3164 433 3226 literis
452 3162 555 3226 matris
575 3159 732 3224 oonfestim
751 3159 850 3222 Romo
874 3158 1025 3222 aduolauit
1042 3163 1189 3230 metuens,
1211 3172 1259 3229 ue,
1286 3154 1309 3215 si

271 3444 283 3496 1
297 3404 414 3496 onustum
425 3439 503 3511 dev,
517 3447 631 3492 coaeum
644 3455 668 3498 ς·
672 3441 798 3508 soriam
808 3443 899 3490 ooaetu
911 3443 971 3488 oum
981 3433 987 3504 Ι
1001 3439 1130 3488 saetarum
1141 3448 1159 3485 v
1178 3430 1190 3501 Ι
1217 3429 1311 3484 tant-

201 3525 309 3579 manv
336 3523 342 3593 Ι
367 3522 502 3592 epistolam
514 3520 577 3590 va
600 3519 611 3588 Ι
639 3519 863 3576 tleouainotums'
888 3517 899 3588 Ι
925 3516 1089 3584 lepistolam
1101 3515 1179 3584 11ῳι
1192 3512 1205 3581 Ι
1233 3511 1311 3562 dim-

203 3658 338 3728 pudentom
350 3675 392 3730 φν
414 3657 419 3726 Ι
446 3657 562 3721 miratu,
576 3601 682 3708 seire(
662 3613 768 3644 maana
769 3602 786 3654 >
811 3654 832 3706 P
833 3654 956 3723 ,seia-ep
980 3651 990 3722 Ι
1015 3652 1200 3704 denotarunt
1226 3647 1251 3715 Ι
1248 3600 1315 3698 filio

203 3806 276 3849 suos
299 3791 309 3862 Ι
333 3791 500 3846 'leeribsltV
524 3788 534 3860 Ι
558 3735 846 3854 eaalgtdoffiam)n‚
868 3787 1012 3840 ualetudine
1036 3805 1067 3858 φ,
1090 3784 1230 3838 ualitudine
1254 3797 1271 3834 v
1307 3779 1313 3848 Ι

203 3867 279 3923 niehil
291 3871 336 3944 Pp
359 3871 370 3942 Ι
394 3873 423 3924 11
437 3873 552 3942 ydoneos
565 3890 588 3942 φ
611 3871 622 3942 Ι
640 3872 672 3923 12
684 3869 864 3940 solitudlnlsm
880 3867 890 3938 Ι
908 3870 940 3922 13
953 3877 1082 3921 caetorum
1094 3883 1111 3919 v
1125 3865 1130 3934 Ι
1150 3879 1282 3932 supraema
1294 3879 1311 3915 v

201 3951 206 4021 Ι
231 3953 365 4024 aielrilPsp
396 3952 407 4024 Ι
441 3954 473 4006 15
485 3953 610 4022 epistolae
622 3951 686 4021 Popv
718 3949 729 4020 Ι
763 3951 801 4003 111
805 3949 914 4003 hiatui?
949 3947 960 4018 Ι
993 3949 1024 4002 11
1041 3947 1189 4024 conuulsam
1206 3943 1308 3998 Gratim

201 4050 273 4104 cusp
292 4033 494 4095 11111111Χωῖ
526 4033 536 4106 Ι
570 4035 601 4087 18
622 4034 730 4089 alienam
745 4047 833 4104 ιιιιιφ,
856 4029 965 4084 aflorum
977 4044 1050 4098 quum
1062 4046 1100 4081 me
1118 4027 1174 4082 PV·
1193 4027 1310 4091 alienam,

203 4115 304 4184 quitait
321 4131 361 4169 no
378 4115 495 4172 Boaaelaa
524 4117 530 4183 Ι
555 4113 695 4170 eaeteriw
723 4109 734 4182 Ι
763 4113 795 4166 19
806 4110 993 4180 ioemmaevl
1018 4112 1050 4164 20
1063 4111 1121 4176 uisi]
1134 4126 1183 4161 uon
1195 4103 1312 4175 ιιι1ιι1ςΙ

200 4195 231 4250 21
243 4195 303 4250 hill
303 4197 462 4269 ,ltiimliv
485 4197 497 4270 Ι
524 4199 558 4252 25
574 4196 698 4250 litterasv
717 4191 723 4262 Ι
749 4183 1007 4248 RomaSlaaooelaina·
1025 4191 1128 4246 Romam
1144 4187 1218 4260 lieu:
1232 4189 1309 4241 Roma

204 4277 282 4332 Oeam
295 4279 462 4337 Carantonus
485 4277 497 4348 Ι
691 4344 693 4346 q
883 4335 885 4342 Ι
1046 4337 1047 4343 Ι
1104 4335 1108 4340 ‚

258 4361 285 4402 u
299 4361 368 4412 anau
383 4362 485 4404 usam.
499 4362 566 4413 spu.
1115 4343 1131 4392 6
