3232 5028
677 435 856 490 ,oaeneon
1260 442 1329 510 105.

135 528 179 570 nd.
194 525 298 568 0ndeaat.
1293 527 1376 569 trata.
1391 527 1408 568 s.
1415 527 1465 568 2²1³.

137 616 193 669 (sse)
208 593 355 674 impetrat.
381 593 479 674 itaque
494 593 619 674 acceptis
634 592 730 656 literis
739 591 943 672 Carthaginem
958 593 1063 674 pergit,
1077 591 1129 656 ubi
1148 594 1207 655 iam
1221 611 1315 675 prope

205 705 306 760 exacto
321 699 493 760 consulatus
509 697 554 758 sui
564 714 688 758 munere
698 696 847 758 Lollianus
857 693 963 758 Auitus
973 703 1013 770 te,
1028 695 1161 772 Maxime,
1178 698 1315 778 opperie-

205 799 301 860 batur.
330 802 357 861 ts
372 799 504 880 epistulis
519 798 593 860 meis
609 798 690 861 lectis
704 815 759 878 pro
775 816 829 860 sua
843 797 948 860 eximia
958 799 1138 861 humanitate
1153 800 1314 879 gratulatus

206 901 363 976 Pontiano,
379 900 459 982 quod
473 900 531 963 cito
547 919 679 965 errorem
695 919 784 964 suum
796 900 982 975 correxisset,
1003 901 1154 982 rescripsit
1169 901 1242 964 milri
1261 921 1315 982 per
1333 925 1335 928 ·

171 1021 187 1070 5
206 1023 287 1079 eum,
302 1023 375 1086 quas
389 1003 498 1077 literas,
514 1003 544 1065 di
556 1003 637 1078 boni,
653 1021 711 1083 qua
725 1003 867 1077 doctrina,
882 1021 941 1083 quo
956 1003 1065 1083 lepore,
1081 1023 1139 1083 qua
1151 1004 1313 1067 uerborum

209 1107 385 1170 amoenitate
402 1106 490 1168 simul
504 1112 533 1166 et
547 1103 740 1167 iucunditate!
764 1124 888 1186 prorsus
903 1112 936 1168 ut
947 1095 1006 1168 ‘uir
1018 1106 1117 1168 bonus
1131 1107 1247 1169 meandi
1260 1127 1314 1188 pe·

207 1199 301 1272 ritus’.
331 1209 392 1273 scio
406 1214 446 1283 te,
461 1207 595 1283 Maxime,
610 1209 735 1270 libenter
748 1209 812 1271 eius
826 1209 924 1270 literas
938 1209 1117 1283 auditurum,
1138 1210 1272 1290 equidem
1288 1210 1312 1270 si
1326 1203 1327 1206 ’

206 1312 368 1394 perlegam:
389 1328 456 1372 mea
469 1329 544 1373 uoce
559 1311 767 1390 pronuntiabo.
798 1311 872 1373 cedo
885 1317 919 1374 tu
933 1310 1013 1374 Auiti
1027 1312 1176 1392 epistulas,
1190 1319 1225 1374 ut
1239 1329 1313 1392 quae

207 1432 325 1494 semper
339 1420 514 1476 ornamento
527 1413 603 1482 mihi
617 1413 747 1488 fuerunt,
768 1413 827 1476 sint
846 1431 926 1476 nunc
945 1413 1031 1474 etiam
1052 1413 1148 1476 saluti.
1182 1420 1211 1474 at
1229 1419 1262 1474 tu
1277 1414 1313 1476 li·

155 1529 186 1579 to
208 1516 284 1578 uehit
298 1533 405 1594 aquam
420 1515 499 1576 sinas
514 1516 615 1576 lluere.
645 1532 773 1597 namque
788 1515 892 1596 optimi
905 1515 962 1577 uiri
983 1515 1081 1580 literas
1100 1523 1146 1577 ter
1164 1521 1194 1578 et
1211 1522 1314 1596 quater

207 1619 279 1681 adeo
295 1617 452 1697 quantouis
466 1617 610 1698 temporis
626 1617 779 1698 dispendio
794 1619 963 1681 lectitarem.

292 1908 359 1970 Non
373 1926 441 1969 sum
455 1908 582 1983 nescius,
598 1909 734 1971 debuisse
745 1929 793 1971 me
804 1917 874 1990 post
884 1910 954 1973 istas
965 1909 1044 1972 Auiti
1054 1911 1152 1974 literas
1162 1927 1309 1990 perorare.
1322 1924 1475 1978 Lxxxxv

136 2039 193 2091 (sse)
209 2029 297 2091 quem
323 2010 402 2072 enim
426 2011 610 2074 laudatorem
633 2012 865 2092 locupletiorem,
890 2031 979 2092 quem
997 2019 1104 2074 testem
1129 2013 1206 2076 uitae
1231 2031 1313 2074 meae

207 2114 383 2176 sanctiorem
408 2114 585 2194 producam,
618 2132 706 2193 quem
735 2114 861 2194 denique
886 2114 1062 2177 aduocatum
1087 2112 1312 2176 facundiorem?

155 2234 186 2286 15
207 2217 317 2278 multos
331 2215 363 2276 in
377 2215 439 2278 uita
452 2233 518 2277 mea
532 2215 658 2277 Romani
672 2215 802 2278 nominis
817 2215 944 2278 disertos
958 2216 1041 2278 uiros
1057 2215 1159 2278 sedulo
1175 2216 1311 2295 cognoui,

207 2317 258 2380 sed
277 2337 346 2379 sum
365 2335 456 2397 aeque
480 2313 484 2401 Ι
508 2317 659 2379 neminem
678 2317 848 2380 admiratus.
882 2337 971 2382 nemo
992 2325 1037 2380 est
1051 2317 1149 2392 hodie,
1169 2325 1311 2398 quantum
1325 2343 1398 2384 nasa

206 2439 272 2484 mea
284 2419 383 2499 opinio
398 2419 465 2494 lert,
481 2419 603 2480 alicuius
617 2419 648 2481 in
667 2421 834 2500 eloquentia
850 2421 944 2483 laudis
964 2439 998 2482 ac
1017 2420 1090 2500 spei,
1117 2419 1188 2500 quin
1207 2419 1315 2481 Auitus

207 2541 271 2584 esse
286 2522 372 2601 longe
386 2521 478 2596 malit,
494 2522 519 2584 si
534 2540 603 2582 oum
617 2541 652 2583 eo
668 2541 700 2584 se
710 2530 825 2586 remota
838 2523 949 2586 inuidia
959 2524 1030 2586 uelit
1041 2523 1184 2584 conferre.
1205 2522 1314 2604 quippe

207 2642 311 2687 omnes
325 2624 406 2686 landi
419 2624 545 2686 uirtutes
560 2643 652 2705 paene
666 2625 800 2689 diuersae
811 2611 908 2688 inille
923 2627 989 2688 uiro
1004 2631 1180 2706 congruunt.
1207 2643 1312 2705 quam-

153 2744 186 2794 20
207 2745 333 2808 eumque
352 2727 517 2788 orationem
537 2728 677 2790 stmxerit
694 2728 809 2804 Auitus,
829 2729 869 2792 ita
887 2729 935 2792 illa
954 2729 1009 2792 erit
1027 2729 1157 2808 undique
1178 2727 1224 2790 sui
1243 2747 1312 2808 per-

225 2899 347 2949 tiSenee.
372 2905 485 2949 controu.
509 2899 520 2948 l
543 2899 623 2963 praef.
646 2901 661 2949 9
685 2916 711 2964 p.
737 2903 770 2951 49
801 2903 886 2952 Burs:
915 2899 1009 2964 erratis,
1036 2901 1123 2965 optimi
1149 2901 1261 2962 iuuenes,

258 2982 306 3033 nisi
329 2983 396 3032 illam
420 2997 509 3032 uocem
532 2997 584 3032 non
606 2983 642 3035 M.
662 2977 780 3050 Camila,
804 2986 848 3035 sed
872 2985 964 3034 oraculi
982 2984 1181 3035 creditis...ille
1199 2997 1259 3046 argo

259 3067 298 3116 nir
320 3066 379 3130 qnid
404 3066 454 3116 ait?
489 3072 587 3116 ‘orator
611 3073 662 3130 eat,
685 3069 772 3118 Marce
795 3069 837 3129 lili,
859 3068 898 3117 nir
921 3067 1002 3115 bouus
1025 3065 1123 3116 dicendi
1145 3067 1260 3130 peritus.a

260 3148 360 3212 (Coton.
379 3149 469 3214 fragm.
487 3165 545 3214 pag.
565 3149 598 3199 80
618 3149 694 3218 lord.)
786 3174 788 3178 ·

275 3410 286 3461 1
308 3353 416 3476 ΙιΙοΙεΙΙΙε
429 3355 509 3462 mal*
536 3408 541 3478 Ι
567 3411 663 3464 litteris
680 3411 743 3482 Fapv
767 3409 777 3482 Ι
801 3411 855 3462 dis
871 3387 998 3478 Scaliger:
1020 3409 1059 3462 his
1076 3409 1140 3480 Fapv
1165 3407 1172 3480 Ι
1198 3409 1315 3478 epistolis

207 3495 269 3562 va
296 3491 300 3560 Ι
327 3491 471 3557 gratulatur
485 3491 524 3545 W
523 3508 624 3545 owarua
648 3490 658 3562 Ι
682 3494 812 3546 dlittcras
825 3492 864 3544 nv
890 3491 894 3558 Ι
919 3492 947 3543 di
958 3489 1012 3557 FV,
1025 3490 1057 3542 dd
1071 3509 1102 3561 φ,
1116 3491 1176 3549 diis
1203 3489 1213 3561 Ι
1242 3492 1314 3545 tlic-

206 3583 277 3628 teras
289 3591 306 3624 v
332 3572 337 3641 Ι
362 3573 476 3639 equidem
489 3573 511 3624 si
522 3573 651 3639 perlegam
662 3579 757 3645 scripsi
767 3581 794 3628 at
805 3591 864 3628 cum
880 3578 917 3626 σὺ
933 3590 998 3641 quaa
1012 3573 1165 3626 mttaaadaat
1176 3576 1314 3636 commen

206 3655 295 3722 vargo:
308 3681 342 3692 -
351 3654 502 3706 auditurum.
528 3656 665 3722 etquidem
682 3657 704 3708 si
719 3658 856 3724 perlegam,
873 3672 930 3708 mea
944 3671 1008 3708 noca
1020 3671 1059 3723 pr.
1082 3654 1093 3725 Ι
1115 3657 1250 3722 Splegam
1263 3654 1286 3707 V
1311 3653 1316 3723 Ι

205 3735 375 3803 pronunciabo
388 3751 405 3786 v
430 3733 435 3803 Ι
462 3736 584 3802 epistolae
597 3737 660 3808 upa
685 3737 690 3807 Ι
717 3741 787 3807 quaa]
801 3739 858 3806 quia
870 3737 1063 3791 Hrldatrmda’na
1084 3734 1094 3805 Ι
1118 3739 1173 3789 9at
1184 3737 1215 3802 ll,
1226 3736 1315 3806 utapV

204 3815 213 3884 ΙΙ
245 3817 276 3867 10
288 3815 391 3868 litteras
403 3815 466 3885 anv
498 3813 509 3885 Ι
542 3818 571 3870 11
586 3819 649 3870 adeo
661 3821 778 3890 Lepcim:
791 3820 855 3872 abeo
869 3820 923 3890 llap,
943 3820 974 3872 ab
986 3834 1057 3872 eor:
1074 3834 1138 3870 aneo
1159 3815 1286 3871 emam
1311 3816 1316 3885 Ι

206 3894 357 3963 temporeV
391 3895 396 3963 Ι
431 3897 574 3950 lectitarem
591 3900 646 3970 rap,
666 3902 784 3954 lectitare
797 3902 821 3955 V
834 3899 1016 3967 latitantem)
1051 3899 1058 3970 Ι
1091 3905 1153 3972 poet
1171 3899 1315 3952 lectitarem

205 3978 283 4046 aergo
293 3976 407 4030 addant:
420 3979 511 4031 desunt
523 3979 634 4032 Lolliani
644 3981 716 4036 Araiti
728 3985 831 4036 litterae
855 3981 866 4051 Ι
891 3984 922 4034 12
935 3983 1067 4036 litteraav
1091 3981 1101 4050 Ι
1131 3983 1163 4034 16
1173 3981 1314 4046 summeque

205 4057 259 4129 llap,
278 4061 459 4127 ramaeqneV
486 4059 491 4128 Ι
517 4063 696 4117 ammiratusll
720 4063 730 4133 ΙΙ
756 4053 942 4134 ll'eloqnentie
955 4064 1009 4131 FV,
1022 4063 1200 4132 eloquentiam
1227 4059 1231 4128 Ι
1257 4062 1314 4113 lau-

205 4141 300 4199 disant
313 4142 366 4207 spei
379 4143 506 4196 Menona
530 4141 540 4214 Ι
565 4145 596 4196 19
609 4146 680 4198 malit
693 4147 722 4211 ll,
739 4147 812 4197 malie
825 4145 872 4216 ‹pV
896 4143 906 4216 Ι
936 4145 967 4196 19
985 4141 1155 4217 quameunque
1173 4163 1214 4217 apr
1242 4145 1253 4217 ΙΙ
1280 4149 1314 4200 20

244 4225 264 4263 a1

206 4280 298 4330 oratrel
328 4278 357 4344 F,
372 4279 513 4334 orationem
525 4295 566 4350 φν
590 4280 596 4351 Ι
622 4279 705 4347 plecte
718 4297 736 4332 v
759 4281 770 4351 Ι
845 4309 848 4315 -
