3232 5028
311 469 353 536 ω
654 464 684 518 u.
702 459 1073 522 auvllllmlvllullsrs
1591 507 1592 534 ,

164 555 181 596 l.
189 555 251 597 iloto.
265 555 282 595 l.
290 555 340 596 iob.
940 551 946 564 ¹
1332 545 1376 588 Ed.
1389 544 1499 590 ondud.

254 633 297 688 ull
400 622 497 688 Immo
511 620 631 684 enimsi
644 636 752 684 uorum
764 621 850 698 uelis,
869 620 1039 696 Aemiliane,
1058 624 1093 683 tu
1106 618 1207 702 potius
1226 616 1355 680 caducus
1373 615 1425 697 qui

316 726 375 788 iem
388 731 436 787 tol
449 725 602 787 calumniis
617 723 756 786 cecidisti.
785 739 881 804 neque
896 724 975 786 enim
998 723 1117 804 grauirn
1132 727 1177 786 est
1195 739 1320 802 corpore
1335 737 1424 801 quam

229 845 245 886 ι.
257 845 303 886 ιιι.
318 827 408 892 corde
419 827 532 902 collabi,
547 827 623 909 pede
629 826 730 907 potius
741 843 829 907 ιιιιιιιι
840 833 939 889 ruente
953 824 1111 910 corlruore,
1126 825 1158 887 in
1172 823 1306 887 eubiculo
1321 822 1426 904 despui

317 949 407 1012 quam
421 930 453 992 in
467 929 524 991 isto
539 928 776 1010 splendidissimo
792 936 879 992 coetu
893 929 1040 993 detestari.
1065 936 1096 992 at
1108 935 1142 990 tu
1155 927 1282 992 fortasse
1295 934 1326 990 to
1338 933 1426 1009 putas
1482 995 1484 1000 ,

316 1051 434 1108 smum,
450 1032 530 1113 quod
543 1048 606 1096 non
625 1032 706 1095 domi
721 1031 891 1108 contineris,
912 1033 965 1096 sed
978 1032 1123 1096 insaniam
1142 1037 1234 1106 mam,
1255 1049 1375 1111 quoquo
1394 1037 1425 1094 te
1445 1038 1461 1090 ὁ

317 1135 442 1211 duxerit,
457 1134 599 1214 somerio.
629 1135 710 1215 atqui
724 1134 750 1196 si
764 1135 941 1200 contendere
954 1136 1001 1199 uis
1012 1137 1145 1199 furorem
1155 1141 1241 1198 tuum
1253 1153 1322 1196 eum
1332 1133 1427 1198 Thalli

317 1240 430 1313 furore,
450 1237 584 1300 inuenies
603 1255 666 1300 non
684 1239 866 1319 permultum
885 1239 1037 1315 interesse,
1056 1239 1114 1300 nisi
1129 1237 1208 1320 quod
1224 1237 1345 1300 Thallus
1360 1237 1425 1313 sibi,

317 1347 352 1404 tu
367 1341 454 1403 etiam
470 1339 532 1402 aliis
546 1340 633 1403 furis.
655 1347 786 1403 ceterum
800 1341 921 1405 Thallus
941 1344 1044 1406 oculos
1064 1348 1193 1422 torquet,
1213 1347 1247 1403 tu
1261 1337 1426 1415 ueritatem,

318 1444 439 1507 Thallus
453 1460 561 1505 manus
573 1443 731 1520 contrahit,
746 1449 780 1506 tu
794 1449 946 1524 patronos,
962 1445 1082 1507 Thallus
1093 1424 1271 1526 {saulmeutis
1285 1443 1427 1517 inliditur,

135 1523 225 1580 md
275 1542 293 1574 “
319 1555 353 1612 tu
370 1547 576 1612 uibunalibus.
605 1551 758 1627 postremo
782 1546 830 1608 ille
851 1547 992 1628 quidquid
1005 1547 1073 1627 egit,
1098 1547 1130 1610 in
1148 1545 1328 1627 aegritudine
1346 1547 1425 1621 lacit,
1448 1551 1480 1604 ιο

320 1651 459 1733 ignorans
478 1655 593 1731 peccata
614 1654 645 1709 at
658 1655 702 1723 tu,
721 1648 822 1724 miser,
842 1650 1025 1732 prudenset
1043 1649 1139 1712 sciens
1159 1649 1314 1729 delinquis.
1347 1655 1428 1711 lanu

318 1754 366 1816 nis
392 1752 490 1814 morbi
513 1757 544 1812 te
568 1749 701 1831 instigat:
726 1751 835 1814 falsum
855 1771 909 1834 pro
929 1771 1003 1816 uero
1023 1752 1186 1828 insimulas,
1211 1752 1353 1816 iniectum
1372 1769 1427 1834 pro

271 1853 288 1896 s
320 1855 397 1918 lacto
413 1853 588 1928 criminaris,
608 1871 697 1932 quem
717 1852 906 1918 innocentem
915 1841 1030 1937 liquido
1050 1855 1118 1931 sois,
1137 1862 1238 1918 tamen
1255 1865 1376 1917 accusas
1394 1860 1429 1917 ut

248 1961 302 2015 Llll
320 1962 487 2020 nocentem.
523 1955 594 2036 quin
618 1954 706 2016 etiam
729 1989 774 2002 -
793 1955 873 2036 quod
898 1957 1033 2038 praeterii
1053 1991 1098 2004 -
1121 1964 1193 2022 sunt
1217 1975 1290 2039 quae
1310 1955 1428 2020 fatearis

320 2058 443 2132 nescire,
458 2056 602 2120 eteoclem
617 2075 731 2133 nusus,
746 2058 830 2138 quasi
845 2060 930 2135 scias,
943 2059 1115 2123 criminaris.
1449 2062 1482 2113 15

404 2159 455 2223 riis
469 2160 549 2224 enim
563 2179 612 2223 me
626 2162 765 2226 ummsse
780 2161 923 2244 quaedam
937 2163 1086 2226 sudariolo
1106 2161 1239 2224 inuoluta
1254 2160 1331 2243 apud
1351 2162 1427 2224 lares

233 2263 236 2271 '
320 2263 466 2328 Pontiani
495 2281 529 2326 ea
542 2264 678 2328 inuoluta
697 2283 772 2345 quae
785 2272 817 2327 el
829 2265 913 2328 cuius
928 2265 1010 2327 modi
1029 2264 1149 2340 fuerint,
1166 2264 1297 2327 nescisse
1310 2271 1340 2326 te
1354 2279 1427 2327 con·-

318 2365 419 2442 literis,
434 2383 530 2448 neque
545 2373 694 2448 praeterea
708 2385 887 2450 quemquam
902 2385 967 2431 esse
982 2368 1032 2448 qui
1042 2367 1164 2430 uiderit:
1179 2373 1279 2430 mmen
1292 2366 1339 2430 illa
1353 2384 1427 2428 cou-

318 2468 415 2531 tendis
429 2469 626 2532 instrumenta
640 2471 751 2551 magiae
764 2472 866 2535 iuuisse.
895 2489 984 2534 nemo
999 2469 1051 2532 libi
1064 2469 1240 2544 blandiatur,
1254 2467 1426 2532 Aemiliane:

319 2587 382 2632 non
397 2579 442 2633 est
455 2571 488 2636 in
497 2573 667 2639 accusando
682 2575 813 2638 uersutia
828 2593 861 2636 ac
874 2590 913 2638 ne
927 2573 1109 2654 impudentia
1125 2571 1257 2652 quidem:
1277 2587 1316 2633 ne
1329 2577 1364 2633 tu
1377 2587 1426 2633 ar·
1448 2573 1482 2626 2⁰
1595 2601 1596 2660 q

319 2671 448 2736 bitteris.
477 2673 549 2752 quid
562 2672 674 2754 igitur?
702 2677 788 2740 furor
806 2675 906 2740 infelix
919 2675 1016 2738 acerbi
1031 2675 1121 2736 aninri
1141 2681 1171 2735 et
1190 2673 1299 2736 misera
1316 2672 1428 2736 insania
1595 2679 1596 2690 ¹

320 2773 427 2836 crudae
442 2775 610 2838 senecmtis.
639 2777 686 2841 his
700 2780 779 2841 enim
794 2797 887 2860 paene
900 2779 1000 2841 uerbis
1014 2795 1083 2840 curn
1096 2784 1158 2840 tam
1173 2776 1255 2857 graui
1269 2783 1298 2838 et
1311 2776 1426 2857 perspi·
1441 2793 1502 2848 (⁵1³)

321 2877 382 2939 caci
396 2876 491 2939 iudice
505 2877 603 2958 egisti:
616 2871 734 2943 ‘hahuit
746 2881 887 2962 Apuleius
904 2880 1057 2961 quaepiam
1071 2880 1191 2942 linteolo
1203 2879 1337 2943 inuoluta
1350 2879 1428 2960 apud

320 2979 395 3043 lares
409 2979 556 3044 Pontiani.
586 2982 658 3046 haec
673 2984 813 3064 quoniam
832 2985 938 3064 ignoro
957 3001 1031 3062 quae
1049 2983 1168 3058 luerint,
1188 2982 1297 3044 idcirco
1317 2981 1428 3063 magica

319 3081 412 3145 iuuisse
427 3085 583 3148 contendo.
613 3086 699 3149 crede
716 3086 806 3167 igitur
825 3086 898 3148 mihi
916 3085 999 3168 'quod
1014 3084 1093 3161 dico,
1114 3083 1181 3167 quia
1195 3083 1224 3148 id
1239 3083 1304 3146 dico
1324 3079 1329 3170 Ι
1348 3084 1428 3165 quod
1449 3093 1484 3144 25

320 3177 441 3248 nescio.>
468 3205 486 3250 c
506 3187 630 3268 pulchra
648 3195 821 3268 argumenta
840 3195 870 3250 et
888 3195 989 3270 aperte
1008 3188 1121 3252 crimen
1140 3185 1329 3250 reuinoentia.
1356 3177 1429 3250 ‘hoc

320 3286 386 3363 luit,
403 3289 542 3368 quoniam
557 3291 627 3370 quid
640 3291 730 3354 luerit
742 3278 868 3372 ignoro.³
889 3291 973 3355 solus
987 3297 1122 3372 repertus
1137 3308 1179 3366 es,
1193 3289 1363 3367 Aemiliane,
1378 3289 1429 3370 qui

322 3390 396 3452 scias
411 3391 498 3454 etiam
511 3391 561 3454 illa
575 3388 588 3476 ΙΙ
604 3411 678 3474 quoe
691 3394 798 3456 nescis.
826 3399 943 3457 tantum
957 3411 1048 3476 super
1059 3395 1156 3458 omnis
1170 3395 1295 3458 stultitia
1308 3398 1429 3458 eueenrs

322 3509 370 3556 es:
385 3493 494 3575 quippe
510 3494 579 3574 [qui]
595 3495 792 3560 sollertissimi
806 3503 836 3559 et
849 3496 983 3562 acerrimi
998 3497 1247 3580 philosophorum
1260 3514 1299 3560 na
1313 3495 1349 3581 iis
1361 3495 1429 3576 qui-

391 3738 498 3792 limov
516 3737 521 3807 Ι
540 3740 605 3792 euim
618 3740 664 3794 del.
678 3739 845 3809 Salmasius!
870 3742 892 3794 si
904 3742 992 3796 audire
1004 3757 1093 3795 uerum
1104 3742 1198 3800 nelias
1221 3739 1232 3810 l
1252 3739 1428 3810 leolumpuiis

322 3837 345 3888 φ
369 3818 379 3890 l
404 3821 454 3872 lsi
467 3837 487 3885 c,
501 3837 550 3873 em.
564 3822 627 3891 l’epv
641 3821 646 3891 Ι
662 3821 866 3891 contenderiVfl
890 3824 1038 3889 Scelerum]
1053 3824 1299 3877 etenimoelitcrum
1310 3822 1429 3876 caecus

322 3898 333 3968 l
357 3901 723 3976 9iuliditurl’V,illiditurm
746 3903 756 3974 ss
782 3907 813 3957 10
826 3905 942 3974 quicquid
953 3921 994 3976 φν
1018 3902 1028 3976 l
1058 3904 1277 3974 marcumunes
1305 3902 1317 3974 Ι
1346 3905 1378 3956 14
1389 3901 1429 3958 ia·

322 3983 386 4034 teris
397 3984 521 4036 Pricaeus
545 3982 555 4054 l
578 3985 611 4038 20
623 3985 925 4054 imprudentlaPrieceus
948 3984 959 4055 ΙΙ
981 3988 1015 4039 24
1026 3987 1121 4038 idcirco
1135 4006 1167 4058 φ,
1188 3986 1282 4038 iccirco
1295 3985 1335 4038 liv
1357 3983 1368 4054 l
1396 3984 1429 4036 25

323 4064 380 4131 quie
392 4064 417 4115 id
430 4065 513 4116 cm.F
546 4061 556 4133 l
589 4066 622 4117 26
640 4072 740 4138 οιίηφ
755 4083 987 4122 commanem.
1018 4066 1029 4137 ΙΙ
1059 4069 1173 4122 receti
1191 4069 1268 4120 cerda
1282 4067 1331 4119 lucc
1347 4065 1430 4118 init-

246 4175 250 4182 ·
323 4144 412 4208 ignora
426 4161 512 4217 ormqt
532 4145 545 4215 l
570 4147 603 4199 28
615 4149 726 4201 stultitia
738 4149 916 4204 Caesulenus:
934 4149 1042 4204 stultitie
1056 4149 1109 4220 Ρφ,
1126 4149 1242 4202 stulticie
1253 4163 1271 4200 v
1296 4145 1301 4216 Ι
1324 4153 1430 4199 enectus

323 4224 510 4294 qu,uectusv
537 4225 548 4296 l
575 4229 911 4296 nequamneuam:
929 4230 1160 4298 quiqpcnicclm'ce
1190 4228 1196 4296 Ι
1224 4229 1431 4296 philosophorum

323 4303 484 4376 lucrante!
