<?xml version="1.0" encoding="UTF-8"?>
<!DOCTYPE html PUBLIC "-//W3C//DTD XHTML 1.0 Transitional//EN"
    "http://www.w3.org/TR/xhtml1/DTD/xhtml1-transitional.dtd">
<html xmlns="http://www.w3.org/1999/xhtml" xml:lang="en" lang="en">
 <head>
  <title>
</title>
<meta http-equiv="Content-Type" content="text/html;charset=utf-8" />
  <meta name='ocr-system' content='tesseract 3.04.00' />
  <meta name='ocr-capabilities' content='ocr_page ocr_carea ocr_par ocr_line ocrx_word'/>
</head>
<body>
  <div class='ocr_page' id='page_1' title='image "./lapuleimadauren01krgoog_0103.png"; bbox 0 0 3232 5028; ppageno 0'>
   <div class='ocr_carea' id='block_1_1' title="bbox 140 451 1469 630">
    <p class='ocr_par' dir='ltr' id='par_1_1' title="bbox 140 451 1469 630">
     <span class='ocr_line' id='line_1_1' title="bbox 290 451 1064 562; baseline -0.028 1"><span class='ocrx_word' id='word_1_1' title='bbox 290 499 330 562; x_wconf 78' lang='lat' dir='ltr'>to</span> <span class='ocrx_word' id='word_1_2' title='bbox 638 451 668 542; x_wconf 76' lang='lat' dir='ltr'>n.</span> <span class='ocrx_word' id='word_1_3' title='bbox 689 490 809 550; x_wconf 73' lang='lat' dir='ltr'>invase</span> <span class='ocrx_word' id='word_1_4' title='bbox 827 489 1064 547; x_wconf 74' lang='lat' dir='ltr'>uanavnnnsrs</span> 
     </span>
     <span class='ocr_line' id='line_1_2' title="bbox 140 578 1469 630; baseline -0.029 0"><span class='ocrx_word' id='word_1_5' title='bbox 140 587 224 630; x_wconf 68' lang='lat' dir='ltr'>trus</span> <span class='ocrx_word' id='word_1_6' title='bbox 238 583 310 626; x_wconf 79' lang='lat' dir='ltr'>taso.</span> <span class='ocrx_word' id='word_1_7' title='bbox 1306 578 1349 619; x_wconf 57' lang='lat' dir='ltr'><strong>m</strong></span> <span class='ocrx_word' id='word_1_8' title='bbox 1364 578 1469 622; x_wconf 51' lang='lat' dir='ltr'>,mm</span> 
     </span>
    </p>
   </div>
   <div class='ocr_carea' id='block_1_2' title="bbox 198 642 1503 2660">
    <p class='ocr_par' dir='ltr' id='par_1_2' title="bbox 198 642 1503 2660">
     <span class='ocr_line' id='line_1_3' title="bbox 290 642 1398 730; baseline -0.006 -15"><span class='ocrx_word' id='word_1_9' title='bbox 290 649 362 730; x_wconf 89' lang='lat' dir='ltr'>quin</span> <span class='ocrx_word' id='word_1_10' title='bbox 376 649 448 711; x_wconf 90' lang='lat' dir='ltr'>adeo</span> <span class='ocrx_word' id='word_1_11' title='bbox 469 647 508 710; x_wconf 88' lang='lat' dir='ltr'>sit</span> <span class='ocrx_word' id='word_1_12' title='bbox 526 645 669 715; x_wconf 86' lang='lat' dir='ltr'>alienatus</span> <span class='ocrx_word' id='word_1_13' title='bbox 689 644 772 710; x_wconf 89' lang='lat' dir='ltr'>omni</span> <span class='ocrx_word' id='word_1_14' title='bbox 790 643 915 727; x_wconf 74' lang='lat' dir='ltr'>pudore,</span> <span class='ocrx_word' id='word_1_15' title='bbox 933 650 968 712; x_wconf 90' lang='lat' dir='ltr'>ut</span> <span class='ocrx_word' id='word_1_16' title='bbox 987 644 1084 719; x_wconf 90' lang='lat' dir='ltr'>etiam,</span> <span class='ocrx_word' id='word_1_17' title='bbox 1106 642 1160 709; x_wconf 86' lang='lat' dir='ltr'>sub</span> <span class='ocrx_word' id='word_1_18' title='bbox 1181 644 1275 708; x_wconf 80' lang='lat' dir='ltr'>doubs</span> <span class='ocrx_word' id='word_1_19' title='bbox 1292 645 1352 708; x_wconf 91' lang='lat' dir='ltr'>tuis</span> <span class='ocrx_word' id='word_1_20' title='bbox 1373 647 1398 710; x_wconf 81' lang='lat' dir='ltr'>si</span> 
     </span>
     <span class='ocr_line' id='line_1_4' title="bbox 198 745 1397 833; baseline -0.003 -19"><span class='ocrx_word' id='word_1_21' title='bbox 198 831 200 833; x_wconf 15' lang='grc' dir='ltr'>Ι</span> <span class='ocrx_word' id='word_1_22' title='bbox 288 750 376 825; x_wconf 79' lang='lat' dir='ltr'>foret,</span> <span class='ocrx_word' id='word_1_23' title='bbox 396 749 460 813; x_wconf 90' lang='lat' dir='ltr'>sino</span> <span class='ocrx_word' id='word_1_24' title='bbox 481 747 591 812; x_wconf 83' lang='lat' dir='ltr'>rubore</span> <span class='ocrx_word' id='word_1_25' title='bbox 609 748 669 814; x_wconf 89' lang='lat' dir='ltr'>ullo</span> <span class='ocrx_word' id='word_1_26' title='bbox 689 746 874 820; x_wconf 81' lang='lat' dir='ltr'><strong>mentiretur,</strong></span> <span class='ocrx_word' id='word_1_27' title='bbox 894 745 947 810; x_wconf 88' lang='lat' dir='ltr'>sed</span> <span class='ocrx_word' id='word_1_28' title='bbox 965 746 1092 816; x_wconf 78' lang='lat' dir='ltr'>tortasse</span> <span class='ocrx_word' id='word_1_29' title='bbox 1111 763 1167 810; x_wconf 88' lang='lat' dir='ltr'>nee</span> <span class='ocrx_word' id='word_1_30' title='bbox 1180 747 1327 811; x_wconf 82' lang='lat' dir='ltr'>tantulum</span> <span class='ocrx_word' id='word_1_31' title='bbox 1341 767 1397 830; x_wconf 92' lang='lat' dir='ltr'>po-</span> 
     </span>
     <span class='ocr_line' id='line_1_5' title="bbox 202 847 1399 934; baseline -0.004 -18"><span class='ocrx_word' id='word_1_32' title='bbox 202 875 275 916; x_wconf 71' lang='lat' dir='ltr'>ete..</span> <span class='ocrx_word' id='word_1_33' title='bbox 290 851 347 914; x_wconf 90' lang='lat' dir='ltr'>tuit</span> <span class='ocrx_word' id='word_1_34' title='bbox 364 847 370 934; x_wconf 97' lang='grc' dir='ltr'>Ι</span> <span class='ocrx_word' id='word_1_35' title='bbox 395 849 462 914; x_wconf 78' lang='lat' dir='ltr'>baia</span> <span class='ocrx_word' id='word_1_36' title='bbox 481 850 537 915; x_wconf 92' lang='lat' dir='ltr'>sihi</span> <span class='ocrx_word' id='word_1_37' title='bbox 550 857 725 930; x_wconf 86' lang='lat' dir='ltr'>temperare,</span> <span class='ocrx_word' id='word_1_38' title='bbox 748 855 782 912; x_wconf 91' lang='lat' dir='ltr'>ut</span> <span class='ocrx_word' id='word_1_39' title='bbox 798 850 875 912; x_wconf 88' lang='lat' dir='ltr'>hauc</span> <span class='ocrx_word' id='word_1_40' title='bbox 888 848 993 912; x_wconf 90' lang='lat' dir='ltr'>horam</span> <span class='ocrx_word' id='word_1_41' title='bbox 1008 848 1107 910; x_wconf 92' lang='lat' dir='ltr'>sobrie</span> <span class='ocrx_word' id='word_1_42' title='bbox 1126 855 1321 930; x_wconf 83' lang='lat' dir='ltr'>exspectaret:</span> <span class='ocrx_word' id='word_1_43' title='bbox 1348 856 1399 912; x_wconf 91' lang='lat' dir='ltr'>aut</span> 
     </span>
     <span class='ocr_line' id='line_1_6' title="bbox 289 949 1398 1034; baseline -0.003 -19"><span class='ocrx_word' id='word_1_44' title='bbox 289 952 389 1034; x_wconf 89' lang='lat' dir='ltr'>potius</span> <span class='ocrx_word' id='word_1_45' title='bbox 403 951 581 1016; x_wconf 75' lang='lat' dir='ltr'>Aemilianus</span> <span class='ocrx_word' id='word_1_46' title='bbox 596 951 633 1016; x_wconf 90' lang='lat' dir='ltr'>de</span> <span class='ocrx_word' id='word_1_47' title='bbox 647 949 770 1012; x_wconf 92' lang='lat' dir='ltr'>consilio</span> <span class='ocrx_word' id='word_1_48' title='bbox 783 949 863 1023; x_wconf 84' lang='lat' dir='ltr'>iecit,</span> <span class='ocrx_word' id='word_1_49' title='bbox 879 966 916 1012; x_wconf 92' lang='lat' dir='ltr'>ne</span> <span class='ocrx_word' id='word_1_50' title='bbox 931 967 1002 1013; x_wconf 91' lang='lat' dir='ltr'>eum</span> <span class='ocrx_word' id='word_1_51' title='bbox 1017 949 1072 1010; x_wconf 87' lang='lat' dir='ltr'>sub</span> <span class='ocrx_word' id='word_1_52' title='bbox 1092 955 1154 1010; x_wconf 90' lang='lat' dir='ltr'>tam</span> <span class='ocrx_word' id='word_1_53' title='bbox 1174 950 1286 1015; x_wconf 87' lang='lat' dir='ltr'>seueris</span> <span class='ocrx_word' id='word_1_54' title='bbox 1306 951 1398 1014; x_wconf 89' lang='lat' dir='ltr'>oeulis</span> 
     </span>
     <span class='ocr_line' id='line_1_7' title="bbox 288 1050 1434 1134; baseline 0.002 -20"><span class='ocrx_word' id='word_1_55' title='bbox 288 1053 348 1118; x_wconf 90' lang='lat' dir='ltr'>tuis</span> <span class='ocrx_word' id='word_1_56' title='bbox 362 1054 563 1128; x_wconf 80' lang='lat' dir='ltr'>constitueret,</span> <span class='ocrx_word' id='word_1_57' title='bbox 585 1069 622 1114; x_wconf 91' lang='lat' dir='ltr'>ne</span> <span class='ocrx_word' id='word_1_58' title='bbox 636 1058 669 1116; x_wconf 94' lang='lat' dir='ltr'>tu</span> <span class='ocrx_word' id='word_1_59' title='bbox 682 1050 800 1113; x_wconf 89' lang='lat' dir='ltr'>beluam</span> <span class='ocrx_word' id='word_1_60' title='bbox 818 1051 900 1114; x_wconf 90' lang='lat' dir='ltr'>illam</span> <span class='ocrx_word' id='word_1_61' title='bbox 912 1050 1007 1114; x_wconf 88' lang='lat' dir='ltr'>uulsis</span> <span class='ocrx_word' id='word_1_62' title='bbox 1026 1051 1150 1115; x_wconf 83' lang='lat' dir='ltr'>maxillis</span> <span class='ocrx_word' id='word_1_63' title='bbox 1170 1050 1257 1113; x_wconf 88' lang='lat' dir='ltr'>foedo</span> <span class='ocrx_word' id='word_1_64' title='bbox 1278 1059 1398 1134; x_wconf 88' lang='lat' dir='ltr'>aspectu</span> <span class='ocrx_word' id='word_1_65' title='bbox 1418 1063 1434 1116; x_wconf 76' lang='lat' dir='ltr'>b</span> 
     </span>
     <span class='ocr_line' id='line_1_8' title="bbox 267 1151 1399 1234; baseline -0.004 -16"><span class='ocrx_word' id='word_1_66' title='bbox 267 1153 327 1218; x_wconf 60' lang='lat' dir='ltr'>aaa</span> <span class='ocrx_word' id='word_1_67' title='bbox 345 1154 419 1224; x_wconf 79' lang='lat' dir='ltr'>facie</span> <span class='ocrx_word' id='word_1_68' title='bbox 434 1154 628 1234; x_wconf 83' lang='lat' dir='ltr'>improbares,</span> <span class='ocrx_word' id='word_1_69' title='bbox 651 1172 721 1218; x_wconf 90' lang='lat' dir='ltr'>curn</span> <span class='ocrx_word' id='word_1_70' title='bbox 741 1151 1000 1217; x_wconf 87' lang='lat' dir='ltr'>animaduertisses</span> <span class='ocrx_word' id='word_1_71' title='bbox 1019 1161 1108 1234; x_wconf 91' lang='lat' dir='ltr'>caput</span> <span class='ocrx_word' id='word_1_72' title='bbox 1124 1153 1240 1217; x_wconf 90' lang='lat' dir='ltr'>iuuenis</span> <span class='ocrx_word' id='word_1_73' title='bbox 1259 1152 1353 1218; x_wconf 89' lang='lat' dir='ltr'>barba</span> <span class='ocrx_word' id='word_1_74' title='bbox 1370 1160 1399 1216; x_wconf 91' lang='lat' dir='ltr'>et</span> 
     </span>
     <span class='ocr_line' id='line_1_9' title="bbox 290 1239 1399 1336; baseline -0.002 -18"><span class='ocrx_word' id='word_1_75' title='bbox 290 1254 394 1336; x_wconf 85' lang='lat' dir='ltr'>capillo</span> <span class='ocrx_word' id='word_1_76' title='bbox 405 1256 591 1336; x_wconf 71' lang='lat' dir='ltr'>populanum,</span> <span class='ocrx_word' id='word_1_77' title='bbox 602 1254 747 1321; x_wconf 83' lang='lat' dir='ltr'>madentia</span> <span class='ocrx_word' id='word_1_78' title='bbox 755 1255 868 1328; x_wconf 78' lang='lat' dir='ltr'>culos,</span> <span class='ocrx_word' id='word_1_79' title='bbox 876 1253 942 1316; x_wconf 89' lang='lat' dir='ltr'>cilia</span> <span class='ocrx_word' id='word_1_80' title='bbox 949 1254 1103 1334; x_wconf 83' lang='lat' dir='ltr'>tmgentia,</span> <span class='ocrx_word' id='word_1_81' title='bbox 1112 1253 1219 1320; x_wconf 87' lang='lat' dir='ltr'>rictum</span> <span class='ocrx_word' id='word_1_82' title='bbox 1226 1239 1399 1330; x_wconf 66' lang='lat' dir='ltr'>ritmorum,</span> 
     </span>
     <span class='ocr_line' id='line_1_10' title="bbox 290 1356 1397 1440; baseline 0.002 -22"><span class='ocrx_word' id='word_1_83' title='bbox 290 1356 419 1423; x_wconf 86' lang='lat' dir='ltr'>saliuosa</span> <span class='ocrx_word' id='word_1_84' title='bbox 437 1357 523 1432; x_wconf 89' lang='lat' dir='ltr'>labia,</span> <span class='ocrx_word' id='word_1_85' title='bbox 547 1375 654 1426; x_wconf 86' lang='lat' dir='ltr'>uocem</span> <span class='ocrx_word' id='word_1_86' title='bbox 673 1356 826 1433; x_wconf 84' lang='lat' dir='ltr'>absonam,</span> <span class='ocrx_word' id='word_1_87' title='bbox 841 1373 985 1426; x_wconf 87' lang='lat' dir='ltr'>manuum</span> <span class='ocrx_word' id='word_1_88' title='bbox 998 1362 1171 1431; x_wconf 88' lang='lat' dir='ltr'>tremorem,</span> <span class='ocrx_word' id='word_1_89' title='bbox 1193 1363 1295 1419; x_wconf 88' lang='lat' dir='ltr'>ructus</span> <span class='ocrx_word' id='word_1_90' title='bbox 1311 1357 1397 1440; x_wconf 80' lang='lat' dir='ltr'>popi-</span> 
     </span>
     <span class='ocr_line' id='line_1_11' title="bbox 291 1455 1399 1540; baseline -0.004 -18"><span class='ocrx_word' id='word_1_91' title='bbox 291 1475 370 1523; x_wconf 90' lang='lat' dir='ltr'>nam.</span> <span class='ocrx_word' id='word_1_92' title='bbox 400 1460 613 1540; x_wconf 88' lang='lat' dir='ltr'>patrimonium</span> <span class='ocrx_word' id='word_1_93' title='bbox 640 1474 730 1522; x_wconf 88' lang='lat' dir='ltr'>omne</span> <span class='ocrx_word' id='word_1_94' title='bbox 753 1457 813 1522; x_wconf 87' lang='lat' dir='ltr'>iam</span> <span class='ocrx_word' id='word_1_95' title='bbox 837 1457 952 1538; x_wconf 87' lang='lat' dir='ltr'>pridem</span> <span class='ocrx_word' id='word_1_96' title='bbox 969 1455 1142 1537; x_wconf 70' lang='lat' dir='ltr'>abligurrit,</span> <span class='ocrx_word' id='word_1_97' title='bbox 1168 1475 1222 1521; x_wconf 89' lang='lat' dir='ltr'>nec</span> <span class='ocrx_word' id='word_1_98' title='bbox 1243 1459 1399 1540; x_wconf 74' lang='lat' dir='ltr'>pricquam</span> 
     </span>
     <span class='ocr_line' id='line_1_12' title="bbox 290 1559 1397 1644; baseline 0.001 -22"><span class='ocrx_word' id='word_1_99' title='bbox 290 1560 317 1623; x_wconf 90' lang='lat' dir='ltr'>ei</span> <span class='ocrx_word' id='word_1_100' title='bbox 332 1561 368 1624; x_wconf 90' lang='lat' dir='ltr'>de</span> <span class='ocrx_word' id='word_1_101' title='bbox 381 1560 469 1624; x_wconf 89' lang='lat' dir='ltr'>bouis</span> <span class='ocrx_word' id='word_1_102' title='bbox 483 1562 612 1644; x_wconf 88' lang='lat' dir='ltr'>paternis</span> <span class='ocrx_word' id='word_1_103' title='bbox 628 1567 772 1641; x_wconf 85' lang='lat' dir='ltr'>superest,</span> <span class='ocrx_word' id='word_1_104' title='bbox 787 1560 845 1622; x_wconf 91' lang='lat' dir='ltr'>uisi</span> <span class='ocrx_word' id='word_1_105' title='bbox 859 1576 919 1624; x_wconf 90' lang='lat' dir='ltr'>una</span> <span class='ocrx_word' id='word_1_106' title='bbox 929 1559 1036 1622; x_wconf 89' lang='lat' dir='ltr'>domus</span> <span class='ocrx_word' id='word_1_107' title='bbox 1051 1560 1088 1622; x_wconf 91' lang='lat' dir='ltr'>ad</span> <span class='ocrx_word' id='word_1_108' title='bbox 1103 1560 1278 1622; x_wconf 88' lang='lat' dir='ltr'>calumniam</span> <span class='ocrx_word' id='word_1_109' title='bbox 1292 1561 1397 1623; x_wconf 89' lang='lat' dir='ltr'>uendi-</span> 
     </span>
     <span class='ocr_line' id='line_1_13' title="bbox 290 1661 1399 1743; baseline -0.002 -17"><span class='ocrx_word' id='word_1_110' title='bbox 290 1662 420 1738; x_wconf 85' lang='lat' dir='ltr'>taudam,</span> <span class='ocrx_word' id='word_1_111' title='bbox 437 1681 523 1743; x_wconf 89' lang='lat' dir='ltr'>quam</span> <span class='ocrx_word' id='word_1_112' title='bbox 538 1670 639 1726; x_wconf 90' lang='lat' dir='ltr'>tamen</span> <span class='ocrx_word' id='word_1_113' title='bbox 649 1679 801 1742; x_wconf 87' lang='lat' dir='ltr'>nunquam</span> <span class='ocrx_word' id='word_1_114' title='bbox 812 1661 907 1724; x_wconf 88' lang='lat' dir='ltr'>carius</span> <span class='ocrx_word' id='word_1_115' title='bbox 919 1679 1008 1741; x_wconf 90' lang='lat' dir='ltr'>quam</span> <span class='ocrx_word' id='word_1_116' title='bbox 1021 1661 1053 1722; x_wconf 90' lang='lat' dir='ltr'>in</span> <span class='ocrx_word' id='word_1_117' title='bbox 1067 1661 1124 1722; x_wconf 90' lang='lat' dir='ltr'>hoc</span> <span class='ocrx_word' id='word_1_118' title='bbox 1134 1662 1303 1724; x_wconf 87' lang='lat' dir='ltr'>testimonio</span> <span class='ocrx_word' id='word_1_119' title='bbox 1318 1663 1399 1724; x_wconf 88' lang='lat' dir='ltr'>loca-</span> 
     </span>
     <span class='ocr_line' id='line_1_14' title="bbox 290 1762 1398 1828; baseline 0 0"><span class='ocrx_word' id='word_1_120' title='bbox 290 1762 343 1828; x_wconf 90' lang='lat' dir='ltr'>uit.</span> <span class='ocrx_word' id='word_1_121' title='bbox 378 1782 448 1826; x_wconf 88' lang='lat' dir='ltr'>nam</span> <span class='ocrx_word' id='word_1_122' title='bbox 473 1766 669 1828; x_wconf 88' lang='lat' dir='ltr'>temulentum</span> <span class='ocrx_word' id='word_1_123' title='bbox 695 1762 773 1826; x_wconf 90' lang='lat' dir='ltr'>istud</span> <span class='ocrx_word' id='word_1_124' title='bbox 798 1763 983 1826; x_wconf 83' lang='lat' dir='ltr'>mendacium</span> <span class='ocrx_word' id='word_1_125' title='bbox 1005 1763 1100 1824; x_wconf 91' lang='lat' dir='ltr'>tribus</span> <span class='ocrx_word' id='word_1_126' title='bbox 1125 1763 1243 1828; x_wconf 91' lang='lat' dir='ltr'>milibus</span> <span class='ocrx_word' id='word_1_127' title='bbox 1267 1764 1398 1828; x_wconf 85' lang='lat' dir='ltr'>nummis</span> 
     </span>
     <span class='ocr_line' id='line_1_15' title="bbox 290 1863 1470 1956; baseline 0 -30"><span class='ocrx_word' id='word_1_128' title='bbox 290 1863 452 1928; x_wconf 77' lang='lat' dir='ltr'>Aemiliano</span> <span class='ocrx_word' id='word_1_129' title='bbox 467 1865 536 1926; x_wconf 94' lang='lat' dir='ltr'>huic</span> <span class='ocrx_word' id='word_1_130' title='bbox 550 1865 691 1939; x_wconf 91' lang='lat' dir='ltr'>uendidit,</span> <span class='ocrx_word' id='word_1_131' title='bbox 706 1864 794 1942; x_wconf 86' lang='lat' dir='ltr'>idque</span> <span class='ocrx_word' id='word_1_132' title='bbox 808 1863 884 1925; x_wconf 86' lang='lat' dir='ltr'>Oeae</span> <span class='ocrx_word' id='word_1_133' title='bbox 899 1864 1010 1926; x_wconf 90' lang='lat' dir='ltr'>nemini</span> <span class='ocrx_word' id='word_1_134' title='bbox 1024 1864 1185 1944; x_wconf 77' lang='lat' dir='ltr'>ignoratur.</span> <span class='ocrx_word' id='word_1_135' title='bbox 1412 1898 1470 1956; x_wconf 73' lang='lat' dir='ltr'>(on)</span> 
     </span>
     <span class='ocr_line' id='line_1_16' title="bbox 225 1964 1397 2050; baseline 0.002 -24"><span class='ocrx_word' id='word_1_136' title='bbox 225 1983 273 2035; x_wconf 73' lang='lat' dir='ltr'>nx</span> <span class='ocrx_word' id='word_1_137' title='bbox 377 1964 488 2029; x_wconf 88' lang='lat' dir='ltr'>Omnes</span> <span class='ocrx_word' id='word_1_138' title='bbox 502 1966 570 2040; x_wconf 87' lang='lat' dir='ltr'>hoo,</span> <span class='ocrx_word' id='word_1_139' title='bbox 585 1971 742 2044; x_wconf 86' lang='lat' dir='ltr'>antequam</span> <span class='ocrx_word' id='word_1_140' title='bbox 756 1965 849 2039; x_wconf 90' lang='lat' dir='ltr'>fieret,</span> <span class='ocrx_word' id='word_1_141' title='bbox 865 1966 1069 2045; x_wconf 83' lang='lat' dir='ltr'>cognocimus,</span> <span class='ocrx_word' id='word_1_142' title='bbox 1090 1975 1121 2029; x_wconf 90' lang='lat' dir='ltr'>et</span> <span class='ocrx_word' id='word_1_143' title='bbox 1140 1966 1224 2050; x_wconf 88' lang='lat' dir='ltr'>potui</span> <span class='ocrx_word' id='word_1_144' title='bbox 1243 1966 1397 2028; x_wconf 89' lang='lat' dir='ltr'>denuntia-</span> 
     </span>
     <span class='ocr_line' id='line_1_17' title="bbox 289 2052 1451 2150; baseline 0.003 -22"><span class='ocrx_word' id='word_1_145' title='bbox 289 2065 371 2128; x_wconf 90' lang='lat' dir='ltr'>tione</span> <span class='ocrx_word' id='word_1_146' title='bbox 385 2066 538 2148; x_wconf 89' lang='lat' dir='ltr'>impedire,</span> <span class='ocrx_word' id='word_1_147' title='bbox 552 2067 609 2130; x_wconf 88' lang='lat' dir='ltr'>nisi</span> <span class='ocrx_word' id='word_1_148' title='bbox 623 2066 729 2129; x_wconf 92' lang='lat' dir='ltr'>scirem</span> <span class='ocrx_word' id='word_1_149' title='bbox 748 2067 934 2132; x_wconf 89' lang='lat' dir='ltr'>mendacium</span> <span class='ocrx_word' id='word_1_150' title='bbox 952 2074 1013 2128; x_wconf 91' lang='lat' dir='ltr'>tam</span> <span class='ocrx_word' id='word_1_151' title='bbox 1032 2069 1156 2131; x_wconf 91' lang='lat' dir='ltr'>stultum</span> <span class='ocrx_word' id='word_1_152' title='bbox 1179 2068 1278 2150; x_wconf 90' lang='lat' dir='ltr'>potius</span> <span class='ocrx_word' id='word_1_153' title='bbox 1297 2052 1397 2132; x_wconf 77' lang='lat' dir='ltr'>hemi·</span> <span class='ocrx_word' id='word_1_154' title='bbox 1420 2085 1451 2138; x_wconf 77' lang='lat' dir='ltr'>se</span> 
     </span>
     <span class='ocr_line' id='line_1_18' title="bbox 289 2167 1397 2250; baseline 0.001 -20"><span class='ocrx_word' id='word_1_155' title='bbox 289 2167 367 2230; x_wconf 89' lang='lat' dir='ltr'>liano</span> <span class='ocrx_word' id='word_1_156' title='bbox 388 2167 438 2247; x_wconf 70' lang='lat' dir='ltr'>qiu</span> <span class='ocrx_word' id='word_1_157' title='bbox 454 2168 565 2231; x_wconf 88' lang='lat' dir='ltr'>hustra</span> <span class='ocrx_word' id='word_1_158' title='bbox 582 2167 754 2242; x_wconf 90' lang='lat' dir='ltr'>redimebat,</span> <span class='ocrx_word' id='word_1_159' title='bbox 776 2185 864 2247; x_wconf 90' lang='lat' dir='ltr'>quam</span> <span class='ocrx_word' id='word_1_160' title='bbox 884 2169 957 2230; x_wconf 93' lang='lat' dir='ltr'>mihi</span> <span class='ocrx_word' id='word_1_161' title='bbox 976 2169 1026 2250; x_wconf 90' lang='lat' dir='ltr'>qui</span> <span class='ocrx_word' id='word_1_162' title='bbox 1045 2168 1151 2230; x_wconf 89' lang='lat' dir='ltr'>merito</span> <span class='ocrx_word' id='word_1_163' title='bbox 1172 2169 1397 2232; x_wconf 90' lang='lat' dir='ltr'>contemnebam</span> 
     </span>
     <span class='ocr_line' id='line_1_19' title="bbox 290 2268 1397 2336; baseline 0.001 -1"><span class='ocrx_word' id='word_1_164' title='bbox 290 2268 474 2335; x_wconf 83' lang='lat' dir='ltr'>obfuturum.</span> <span class='ocrx_word' id='word_1_165' title='bbox 494 2271 576 2333; x_wconf 90' lang='lat' dir='ltr'>uolui</span> <span class='ocrx_word' id='word_1_166' title='bbox 589 2277 618 2332; x_wconf 91' lang='lat' dir='ltr'>et</span> <span class='ocrx_word' id='word_1_167' title='bbox 627 2269 822 2332; x_wconf 81' lang='lat' dir='ltr'>Aemilianum</span> <span class='ocrx_word' id='word_1_168' title='bbox 837 2272 945 2334; x_wconf 90' lang='lat' dir='ltr'>damno</span> <span class='ocrx_word' id='word_1_169' title='bbox 957 2271 1079 2333; x_wconf 88' lang='lat' dir='ltr'>adiiciet</span> <span class='ocrx_word' id='word_1_170' title='bbox 1089 2270 1228 2334; x_wconf 83' lang='lat' dir='ltr'>Crassum</span> <span class='ocrx_word' id='word_1_171' title='bbox 1238 2272 1397 2336; x_wconf 89' lang='lat' dir='ltr'>testimonii</span> 
     </span>
     <span class='ocr_line' id='line_1_20' title="bbox 288 2371 1397 2454; baseline 0.004 -20"><span class='ocrx_word' id='word_1_172' title='bbox 288 2372 335 2446; x_wconf 86' lang='lat' dir='ltr'>sui</span> <span class='ocrx_word' id='word_1_173' title='bbox 349 2371 492 2436; x_wconf 86' lang='lat' dir='ltr'>dedecore</span> <span class='ocrx_word' id='word_1_174' title='bbox 505 2373 652 2454; x_wconf 88' lang='lat' dir='ltr'>prostitui.</span> <span class='ocrx_word' id='word_1_175' title='bbox 675 2379 806 2437; x_wconf 90' lang='lat' dir='ltr'>ceterum</span> <span class='ocrx_word' id='word_1_176' title='bbox 817 2373 1028 2436; x_wconf 85' lang='lat' dir='ltr'>nudiustertius</span> <span class='ocrx_word' id='word_1_177' title='bbox 1042 2372 1270 2454; x_wconf 85' lang='lat' dir='ltr'>haudquaquam</span> <span class='ocrx_word' id='word_1_178' title='bbox 1284 2375 1397 2438; x_wconf 80' lang='lat' dir='ltr'>oceaho</span> 
     </span>
     <span class='ocr_line' id='line_1_21' title="bbox 288 2473 1503 2556; baseline -0.002 -18"><span class='ocrx_word' id='word_1_179' title='bbox 288 2490 337 2538; x_wconf 84' lang='lat' dir='ltr'>res</span> <span class='ocrx_word' id='word_1_180' title='bbox 357 2479 420 2535; x_wconf 83' lang='lat' dir='ltr'>acta</span> <span class='ocrx_word' id='word_1_181' title='bbox 440 2481 486 2535; x_wconf 89' lang='lat' dir='ltr'>est</span> <span class='ocrx_word' id='word_1_182' title='bbox 504 2474 536 2536; x_wconf 90' lang='lat' dir='ltr'>in</span> <span class='ocrx_word' id='word_1_183' title='bbox 554 2474 652 2538; x_wconf 88' lang='lat' dir='ltr'>Rufini</span> <span class='ocrx_word' id='word_1_184' title='bbox 672 2475 825 2539; x_wconf 88' lang='lat' dir='ltr'>cuiusdam</span> <span class='ocrx_word' id='word_1_185' title='bbox 847 2475 948 2549; x_wconf 89' lang='lat' dir='ltr'>domo,</span> <span class='ocrx_word' id='word_1_186' title='bbox 969 2475 1005 2537; x_wconf 90' lang='lat' dir='ltr'>de</span> <span class='ocrx_word' id='word_1_187' title='bbox 1021 2493 1079 2556; x_wconf 88' lang='lat' dir='ltr'>quo</span> <span class='ocrx_word' id='word_1_188' title='bbox 1094 2492 1165 2536; x_wconf 87' lang='lat' dir='ltr'>mor</span> <span class='ocrx_word' id='word_1_189' title='bbox 1180 2473 1285 2550; x_wconf 88' lang='lat' dir='ltr'>dicam,</span> <span class='ocrx_word' id='word_1_190' title='bbox 1304 2476 1396 2539; x_wconf 88' lang='lat' dir='ltr'>inter-</span> <span class='ocrx_word' id='word_1_191' title='bbox 1501 2531 1503 2536; x_wconf 90' lang='lat'><em>.</em></span> 
     </span>
     <span class='ocr_line' id='line_1_22' title="bbox 289 2573 1450 2660; baseline 0.01 -26"><span class='ocrx_word' id='word_1_192' title='bbox 289 2573 456 2636; x_wconf 79' lang='lat' dir='ltr'>caesoribus</span> <span class='ocrx_word' id='word_1_193' title='bbox 471 2581 500 2636; x_wconf 92' lang='lat' dir='ltr'>et</span> <span class='ocrx_word' id='word_1_194' title='bbox 513 2575 752 2656; x_wconf 87' lang='lat' dir='ltr'>deprecatoribus</span> <span class='ocrx_word' id='word_1_195' title='bbox 766 2575 832 2656; x_wconf 92' lang='lat' dir='ltr'>ipso</span> <span class='ocrx_word' id='word_1_196' title='bbox 847 2576 954 2640; x_wconf 85' lang='lat' dir='ltr'>Rufino</span> <span class='ocrx_word' id='word_1_197' title='bbox 976 2583 1006 2640; x_wconf 90' lang='lat' dir='ltr'>et</span> <span class='ocrx_word' id='word_1_198' title='bbox 1020 2577 1226 2660; x_wconf 79' lang='lat' dir='ltr'>Calpurniano.</span> <span class='ocrx_word' id='word_1_199' title='bbox 1261 2576 1341 2658; x_wconf 91' lang='lat' dir='ltr'>quod</span> <span class='ocrx_word' id='word_1_200' title='bbox 1360 2595 1395 2640; x_wconf 89' lang='lat' dir='ltr'>eo</span> <span class='ocrx_word' id='word_1_201' title='bbox 1415 2594 1450 2646; x_wconf 82' lang='lat' dir='ltr'>to</span> 
     </span>
    </p>
   </div>
   <div class='ocr_carea' id='block_1_3' title="bbox 1412 1543 1471 1664">
    <p class='ocr_par' dir='ltr' id='par_1_3' title="bbox 1412 1543 1471 1664">
     <span class='ocr_line' id='line_1_23' title="bbox 1420 1543 1452 1594; baseline 0.031 -1"><span class='ocrx_word' id='word_1_202' title='bbox 1420 1543 1452 1594; x_wconf 85' lang='lat'>1⁰</span> 
     </span>
     <span class='ocr_line' id='line_1_24' title="bbox 1412 1608 1471 1664; baseline 0.034 -2"><span class='ocrx_word' id='word_1_203' title='bbox 1412 1608 1471 1664; x_wconf 67' lang='grc' dir='ltr'>(Μ)</span> 
     </span>
    </p>
   </div>
   <div class='ocr_carea' id='block_1_4' title="bbox 287 2737 1394 2892">
    <p class='ocr_par' dir='ltr' id='par_1_4' title="bbox 287 2737 1394 2892">
     <span class='ocr_line' id='line_1_25' title="bbox 287 2737 1001 2810; baseline 0.008 -22"><span class='ocrx_word' id='word_1_204' title='bbox 287 2737 395 2789; x_wconf 75' lang='lat' dir='ltr'>menime</span> <span class='ocrx_word' id='word_1_205' title='bbox 407 2737 480 2808; x_wconf 75' lang='lat' dir='ltr'>va:</span> <span class='ocrx_word' id='word_1_206' title='bbox 494 2753 549 2790; x_wconf 89' lang='lat' dir='ltr'>cum</span> <span class='ocrx_word' id='word_1_207' title='bbox 562 2739 610 2792; x_wconf 84' lang='lat' dir='ltr'>del.</span> <span class='ocrx_word' id='word_1_208' title='bbox 621 2739 728 2793; x_wconf 67' lang='lat' dir='ltr'>mamm</span> <span class='ocrx_word' id='word_1_209' title='bbox 754 2739 759 2808; x_wconf 89' lang='grc' dir='ltr'>Ι</span> <span class='ocrx_word' id='word_1_210' title='bbox 786 2753 864 2802; x_wconf 76' lang='lat' dir='ltr'>naon</span> <span class='ocrx_word' id='word_1_211' title='bbox 875 2741 967 2810; x_wconf 69' lang='lat' dir='ltr'>quini*</span> <span class='ocrx_word' id='word_1_212' title='bbox 991 2739 1001 2810; x_wconf 93' lang='grc' dir='ltr'>Ι</span> 
     </span>
     <span class='ocr_line' id='line_1_26' title="bbox 356 2817 1394 2892; baseline 0.009 -23"><span class='ocrx_word' id='word_1_213' title='bbox 356 2819 371 2869; x_wconf 78' lang='lat'><strong>3</strong></span> <span class='ocrx_word' id='word_1_214' title='bbox 393 2817 463 2870; x_wconf 81' lang='lat' dir='ltr'>ebria</span> <span class='ocrx_word' id='word_1_215' title='bbox 479 2819 533 2888; x_wconf 72' lang='lat' dir='ltr'>up,</span> <span class='ocrx_word' id='word_1_216' title='bbox 554 2819 640 2872; x_wconf 85' lang='lat' dir='ltr'>ebrius</span> <span class='ocrx_word' id='word_1_217' title='bbox 655 2821 692 2874; x_wconf 85' lang='lat' dir='ltr'>Vs</span> <span class='ocrx_word' id='word_1_218' title='bbox 713 2837 728 2874; x_wconf 84' lang='lat' dir='ltr'>a</span> <span class='ocrx_word' id='word_1_219' title='bbox 744 2822 799 2873; x_wconf 85' lang='lat' dir='ltr'>bria</span> <span class='ocrx_word' id='word_1_220' title='bbox 815 2822 1020 2891; x_wconf 65' lang='lat' dir='ltr'>madenam,</span> <span class='ocrx_word' id='word_1_221' title='bbox 1038 2823 1093 2876; x_wconf 78' lang='lat' dir='ltr'>brie</span> <span class='ocrx_word' id='word_1_222' title='bbox 1109 2824 1210 2890; x_wconf 68' lang='lat' dir='ltr'>malim</span> <span class='ocrx_word' id='word_1_223' title='bbox 1222 2827 1260 2892; x_wconf 74' lang='lat' dir='ltr'>qs.</span> <span class='ocrx_word' id='word_1_224' title='bbox 1273 2825 1394 2880; x_wconf 60' lang='lat' dir='ltr'>chami</span> 
     </span>
    </p>
   </div>
   <div class='ocr_carea' id='block_1_5' title="bbox 917 2903 1028 2958">
    <p class='ocr_par' dir='ltr' id='par_1_5' title="bbox 917 2903 1028 2958">
     <span class='ocr_line' id='line_1_27' title="bbox 917 2903 1028 2958; baseline -0.018 0"><span class='ocrx_word' id='word_1_225' title='bbox 917 2903 983 2958; x_wconf 64' lang='lat' dir='ltr'>(m)</span> <span class='ocrx_word' id='word_1_226' title='bbox 1025 2949 1028 2955; x_wconf 34' lang='lat' dir='ltr'>r</span> 
     </span>
    </p>
   </div>
   <div class='ocr_carea' id='block_1_6' title="bbox 284 2951 1395 3109">
    <p class='ocr_par' dir='ltr' id='par_1_6' title="bbox 284 2951 1395 3109">
     <span class='ocr_line' id='line_1_28' title="bbox 284 2951 1394 3032; baseline 0.008 -28"><span class='ocrx_word' id='word_1_227' title='bbox 284 2967 312 3020; x_wconf 83' lang='lat' dir='ltr'>p.</span> <span class='ocrx_word' id='word_1_228' title='bbox 333 2952 366 3004; x_wconf 81' lang='lat'>8³</span> <span class='ocrx_word' id='word_1_229' title='bbox 388 2951 417 3004; x_wconf 85' lang='lat' dir='ltr'>n.</span> <span class='ocrx_word' id='word_1_230' title='bbox 442 2956 468 3004; x_wconf 82' lang='lat' dir='ltr'>et</span> <span class='ocrx_word' id='word_1_231' title='bbox 490 2955 589 3006; x_wconf 79' lang='lat' dir='ltr'>Amol.</span> <span class='ocrx_word' id='word_1_232' title='bbox 614 2953 659 3007; x_wconf 91' lang='lat' dir='ltr'>Vll</span> <span class='ocrx_word' id='word_1_233' title='bbox 683 2956 715 3007; x_wconf 80' lang='lat'>29</span> <span class='ocrx_word' id='word_1_234' title='bbox 757 2954 763 3024; x_wconf 95' lang='grc' dir='ltr'>Ι</span> <span class='ocrx_word' id='word_1_235' title='bbox 805 2964 948 3023; x_wconf 82' lang='lat' dir='ltr'>temperare</span> <span class='ocrx_word' id='word_1_236' title='bbox 1006 2958 1027 3011; x_wconf 77' lang='lat' dir='ltr'>p</span> <span class='ocrx_word' id='word_1_237' title='bbox 1069 2959 1075 3027; x_wconf 96' lang='grc' dir='ltr'>Ι</span> <span class='ocrx_word' id='word_1_238' title='bbox 1112 2958 1213 3032; x_wconf 74' lang='lat' dir='ltr'>sobriae</span> <span class='ocrx_word' id='word_1_239' title='bbox 1236 2975 1265 3013; x_wconf 82' lang='lat' dir='ltr'>v:</span> <span class='ocrx_word' id='word_1_240' title='bbox 1295 2959 1394 3013; x_wconf 86' lang='lat' dir='ltr'>sobrius</span> 
     </span>
     <span class='ocr_line' id='line_1_29' title="bbox 285 3031 1395 3109; baseline 0.01 -25"><span class='ocrx_word' id='word_1_241' title='bbox 285 3031 400 3085; x_wconf 79' lang='lat' dir='ltr'>Bosseda</span> <span class='ocrx_word' id='word_1_242' title='bbox 433 3031 438 3100; x_wconf 99' lang='grc' dir='ltr'>Ι</span> <span class='ocrx_word' id='word_1_243' title='bbox 472 3041 658 3101; x_wconf 70' lang='lat' dir='ltr'>expectaretur</span> <span class='ocrx_word' id='word_1_244' title='bbox 694 3034 704 3109; x_wconf 89' lang='grc' dir='ltr'>Ι</span> <span class='ocrx_word' id='word_1_245' title='bbox 739 3038 831 3090; x_wconf 73' lang='lat' dir='ltr'>eote</span> <span class='ocrx_word' id='word_1_246' title='bbox 853 3053 900 3090; x_wconf 85' lang='lat' dir='ltr'>naa</span> <span class='ocrx_word' id='word_1_247' title='bbox 920 3053 976 3091; x_wconf 87' lang='lat' dir='ltr'>eum</span> <span class='ocrx_word' id='word_1_248' title='bbox 989 3067 1007 3078; x_wconf 97' lang='lat'>-</span> <span class='ocrx_word' id='word_1_249' title='bbox 1020 3041 1219 3094; x_wconf 86' lang='lat' dir='ltr'>constitueretur</span> <span class='ocrx_word' id='word_1_250' title='bbox 1238 3037 1395 3096; x_wconf 78' lang='lat' dir='ltr'>Steterediua</span> 
     </span>
    </p>
   </div>
   <div class='ocr_carea' id='block_1_7' title="bbox 195 3123 1427 4382">
    <p class='ocr_par' dir='ltr' id='par_1_7' title="bbox 284 3123 1394 3572">
     <span class='ocr_line' id='line_1_30' title="bbox 508 3123 1375 3154; baseline 0.015 -15"><span class='ocrx_word' id='word_1_251' title='bbox 508 3123 522 3154; x_wconf 77' lang='lat' dir='ltr'>o</span> <span class='ocrx_word' id='word_1_252' title='bbox 1368 3139 1375 3152; x_wconf 84' lang='grc'><em>,</em></span> 
     </span>
     <span class='ocr_line' id='line_1_31' title="bbox 284 3164 1393 3246; baseline 0.012 -28"><span class='ocrx_word' id='word_1_253' title='bbox 284 3164 294 3233; x_wconf 94' lang='grc' dir='ltr'>Ι</span> <span class='ocrx_word' id='word_1_254' title='bbox 312 3167 327 3218; x_wconf 82' lang='lat' dir='ltr'>u</span> <span class='ocrx_word' id='word_1_255' title='bbox 340 3167 439 3220; x_wconf 83' lang='lat' dir='ltr'>balaam</span> <span class='ocrx_word' id='word_1_256' title='bbox 451 3167 481 3232; x_wconf 79' lang='lat' dir='ltr'>F,</span> <span class='ocrx_word' id='word_1_257' title='bbox 493 3168 594 3221; x_wconf 82' lang='lat' dir='ltr'>balaena</span> <span class='ocrx_word' id='word_1_258' title='bbox 606 3187 638 3241; x_wconf 84' lang='grc' dir='ltr'>φ,</span> <span class='ocrx_word' id='word_1_259' title='bbox 650 3169 777 3224; x_wconf 83' lang='lat' dir='ltr'>hiluemV</span> <span class='ocrx_word' id='word_1_260' title='bbox 801 3171 812 3241; x_wconf 95' lang='grc' dir='ltr'>Ι</span> <span class='ocrx_word' id='word_1_261' title='bbox 835 3173 852 3226; x_wconf 88' lang='grc'><strong>6</strong></span> <span class='ocrx_word' id='word_1_262' title='bbox 865 3175 895 3226; x_wconf 86' lang='lat' dir='ltr'>de</span> <span class='ocrx_word' id='word_1_263' title='bbox 908 3173 992 3240; x_wconf 83' lang='lat' dir='ltr'>speeie</span> <span class='ocrx_word' id='word_1_264' title='bbox 1006 3189 1019 3232; x_wconf 81' lang='grc' dir='ltr'><strong><em>ς</em></strong></span> <span class='ocrx_word' id='word_1_265' title='bbox 1040 3173 1052 3243; x_wconf 96' lang='grc' dir='ltr'>Ι</span> <span class='ocrx_word' id='word_1_266' title='bbox 1076 3176 1091 3226; x_wconf 80' lang='lat' dir='ltr'>i</span> <span class='ocrx_word' id='word_1_267' title='bbox 1103 3175 1227 3228; x_wconf 83' lang='lat' dir='ltr'>madentis</span> <span class='ocrx_word' id='word_1_268' title='bbox 1239 3174 1313 3246; x_wconf 73' lang='lat' dir='ltr'>va:</span> <span class='ocrx_word' id='word_1_269' title='bbox 1326 3193 1393 3231; x_wconf 81' lang='lat' dir='ltr'>mar·</span> 
     </span>
     <span class='ocr_line' id='line_1_32' title="bbox 286 3247 1394 3315; baseline 0.013 -16"><span class='ocrx_word' id='word_1_270' title='bbox 286 3255 372 3300; x_wconf 83' lang='lat' dir='ltr'>centes</span> <span class='ocrx_word' id='word_1_271' title='bbox 388 3247 507 3300; x_wconf 79' lang='lat' dir='ltr'>Heriuiaa</span> <span class='ocrx_word' id='word_1_272' title='bbox 538 3249 544 3315; x_wconf 97' lang='grc' dir='ltr'>Ι</span> <span class='ocrx_word' id='word_1_273' title='bbox 570 3253 719 3308; x_wconf 78' lang='lat' dir='ltr'>restrictam</span> <span class='ocrx_word' id='word_1_274' title='bbox 729 3253 788 3308; x_wconf 75' lang='lat' dir='ltr'>aad.</span> <span class='ocrx_word' id='word_1_275' title='bbox 802 3253 947 3310; x_wconf 75' lang='lat' dir='ltr'>Acidaliae:</span> <span class='ocrx_word' id='word_1_276' title='bbox 964 3255 1056 3308; x_wconf 84' lang='lat' dir='ltr'>rictum</span> <span class='ocrx_word' id='word_1_277' title='bbox 1073 3265 1148 3310; x_wconf 88' lang='lat' dir='ltr'>ructu</span> <span class='ocrx_word' id='word_1_278' title='bbox 1162 3257 1235 3310; x_wconf 84' lang='lat' dir='ltr'>bians</span> <span class='ocrx_word' id='word_1_279' title='bbox 1250 3256 1394 3312; x_wconf 71' lang='lat' dir='ltr'>Salmasius</span> 
     </span>
     <span class='ocr_line' id='line_1_33' title="bbox 285 3327 1393 3406; baseline 0.012 -24"><span class='ocrx_word' id='word_1_280' title='bbox 285 3327 371 3382; x_wconf 75' lang='lat' dir='ltr'>sarbia</span> <span class='ocrx_word' id='word_1_281' title='bbox 382 3343 447 3397; x_wconf 70' lang='lat' dir='ltr'>quaa</span> <span class='ocrx_word' id='word_1_282' title='bbox 463 3335 490 3384; x_wconf 81' lang='lat' dir='ltr'>eia</span> <span class='ocrx_word' id='word_1_283' title='bbox 507 3349 520 3390; x_wconf 83' lang='grc' dir='ltr'><strong><em>ς</em></strong></span> <span class='ocrx_word' id='word_1_284' title='bbox 534 3332 620 3402; x_wconf 74' lang='lat' dir='ltr'>paullo</span> <span class='ocrx_word' id='word_1_285' title='bbox 635 3337 697 3402; x_wconf 78' lang='lat' dir='ltr'>poet</span> <span class='ocrx_word' id='word_1_286' title='bbox 711 3339 837 3386; x_wconf 72' lang='lat' dir='ltr'>emantur</span> <span class='ocrx_word' id='word_1_287' title='bbox 852 3341 949 3386; x_wconf 83' lang='lat' dir='ltr'>ructus.</span> <span class='ocrx_word' id='word_1_288' title='bbox 963 3350 1020 3391; x_wconf 77' lang='lat' dir='ltr'>nam</span> <span class='ocrx_word' id='word_1_289' title='bbox 1030 3336 1152 3403; x_wconf 66' lang='lat' dir='ltr'>(patrina)</span> <span class='ocrx_word' id='word_1_290' title='bbox 1167 3338 1263 3406; x_wconf 62' lang='lat' dir='ltr'>amus,</span> <span class='ocrx_word' id='word_1_291' title='bbox 1279 3349 1393 3406; x_wconf 83' lang='lat' dir='ltr'>apertum</span> 
     </span>
     <span class='ocr_line' id='line_1_34' title="bbox 284 3408 1394 3486; baseline 0.013 -28"><span class='ocrx_word' id='word_1_292' title='bbox 284 3409 375 3461; x_wconf 87' lang='lat' dir='ltr'>rictum</span> <span class='ocrx_word' id='word_1_293' title='bbox 405 3408 518 3474; x_wconf 67' lang='lat' dir='ltr'>Gendb&#39;s,</span> <span class='ocrx_word' id='word_1_294' title='bbox 547 3413 639 3464; x_wconf 89' lang='lat' dir='ltr'>rictum</span> <span class='ocrx_word' id='word_1_295' title='bbox 660 3413 770 3464; x_wconf 81' lang='lat' dir='ltr'>hiantem</span> <span class='ocrx_word' id='word_1_296' title='bbox 794 3414 833 3467; x_wconf 88' lang='lat' dir='ltr'><em>W</em></span> <span class='ocrx_word' id='word_1_297' title='bbox 833 3430 942 3480; x_wconf 76' lang='lat' dir='ltr'>omem,</span> <span class='ocrx_word' id='word_1_298' title='bbox 975 3423 1070 3468; x_wconf 88' lang='lat' dir='ltr'>tetrum</span> <span class='ocrx_word' id='word_1_299' title='bbox 1094 3418 1135 3470; x_wconf 85' lang='lat' dir='ltr'>ael</span> <span class='ocrx_word' id='word_1_300' title='bbox 1159 3435 1276 3486; x_wconf 83' lang='lat' dir='ltr'>spurcam</span> <span class='ocrx_word' id='word_1_301' title='bbox 1303 3422 1394 3474; x_wconf 84' lang='lat' dir='ltr'>rictum</span> 
     </span>
     <span class='ocr_line' id='line_1_35' title="bbox 284 3488 1391 3572; baseline 0.012 -32"><span class='ocrx_word' id='word_1_302' title='bbox 284 3488 489 3558; x_wconf 79' lang='lat' dir='ltr'>lllldelrandiu&#39;a,</span> <span class='ocrx_word' id='word_1_303' title='bbox 501 3492 593 3544; x_wconf 86' lang='lat' dir='ltr'>rictum</span> <span class='ocrx_word' id='word_1_304' title='bbox 602 3493 729 3545; x_wconf 86' lang='lat' dir='ltr'>diductum</span> <span class='ocrx_word' id='word_1_305' title='bbox 742 3493 849 3546; x_wconf 72' lang='lat' dir='ltr'>labatur</span> <span class='ocrx_word' id='word_1_306' title='bbox 860 3493 871 3563; x_wconf 93' lang='grc' dir='ltr'>Ι</span> <span class='ocrx_word' id='word_1_307' title='bbox 895 3496 911 3547; x_wconf 89' lang='lat'><em>8</em></span> <span class='ocrx_word' id='word_1_308' title='bbox 928 3496 1039 3550; x_wconf 80' lang='lat' dir='ltr'>salibosa</span> <span class='ocrx_word' id='word_1_309' title='bbox 1052 3497 1073 3549; x_wconf 80' lang='lat' dir='ltr'><strong>F</strong></span> <span class='ocrx_word' id='word_1_310' title='bbox 1092 3499 1097 3567; x_wconf 88' lang='grc' dir='ltr'>Ι</span> <span class='ocrx_word' id='word_1_311' title='bbox 1116 3507 1191 3552; x_wconf 84' lang='lat' dir='ltr'>ructu</span> <span class='ocrx_word' id='word_1_312' title='bbox 1203 3501 1297 3567; x_wconf 80' lang='lat' dir='ltr'>spinam</span> <span class='ocrx_word' id='word_1_313' title='bbox 1310 3501 1391 3572; x_wconf 69' lang='lat' dir='ltr'>uev=</span> 
     </span>
    </p>

    <p class='ocr_par' dir='ltr' id='par_1_8' title="bbox 195 3573 1427 4382">
     <span class='ocr_line' id='line_1_36' title="bbox 195 3573 1392 3648; baseline 0.015 -31"><span class='ocrx_word' id='word_1_314' title='bbox 195 3577 198 3581; x_wconf 82' lang='lat'><em>·</em></span> <span class='ocrx_word' id='word_1_315' title='bbox 283 3576 372 3620; x_wconf 84' lang='lat' dir='ltr'>noetus</span> <span class='ocrx_word' id='word_1_316' title='bbox 388 3573 503 3648; x_wconf 86' lang='lat' dir='ltr'>popinam</span> <span class='ocrx_word' id='word_1_317' title='bbox 520 3573 643 3626; x_wconf 65' lang='lat' dir='ltr'>nesam</span> <span class='ocrx_word' id='word_1_318' title='bbox 659 3573 713 3625; x_wconf 87' lang='lat' dir='ltr'>coll.</span> <span class='ocrx_word' id='word_1_319' title='bbox 727 3573 776 3626; x_wconf 77' lang='lat' dir='ltr'>Cio.</span> <span class='ocrx_word' id='word_1_320' title='bbox 789 3577 816 3625; x_wconf 78' lang='lat' dir='ltr'>ie</span> <span class='ocrx_word' id='word_1_321' title='bbox 829 3575 915 3628; x_wconf 57' lang='lat' dir='ltr'>Paion.</span> <span class='ocrx_word' id='word_1_322' title='bbox 935 3592 973 3629; x_wconf 79' lang='lat' dir='ltr'>or.</span> <span class='ocrx_word' id='word_1_323' title='bbox 991 3578 1016 3643; x_wconf 80' lang='lat' dir='ltr'>d,</span> <span class='ocrx_word' id='word_1_324' title='bbox 1033 3580 1064 3630; x_wconf 84' lang='grc'>13</span> <span class='ocrx_word' id='word_1_325' title='bbox 1081 3585 1107 3631; x_wconf 87' lang='lat' dir='ltr'>et</span> <span class='ocrx_word' id='word_1_326' title='bbox 1127 3580 1256 3634; x_wconf 73' lang='lat' dir='ltr'>Claudiae.</span> <span class='ocrx_word' id='word_1_327' title='bbox 1273 3578 1392 3634; x_wconf 74' lang='lat' dir='ltr'>Mamm.</span> 
     </span>
     <span class='ocr_line' id='line_1_37' title="bbox 283 3648 1392 3729; baseline 0.014 -29"><span class='ocrx_word' id='word_1_328' title='bbox 283 3648 314 3700; x_wconf 82' lang='lat' dir='ltr'>de</span> <span class='ocrx_word' id='word_1_329' title='bbox 333 3655 396 3702; x_wconf 77' lang='lat' dir='ltr'>atat.</span> <span class='ocrx_word' id='word_1_330' title='bbox 415 3656 493 3705; x_wconf 72' lang='lat' dir='ltr'>araba</span> <span class='ocrx_word' id='word_1_331' title='bbox 514 3655 539 3718; x_wconf 81' lang='lat'>2,</span> <span class='ocrx_word' id='word_1_332' title='bbox 561 3655 584 3718; x_wconf 84' lang='grc'>9,</span> <span class='ocrx_word' id='word_1_333' title='bbox 603 3661 701 3705; x_wconf 86' lang='lat' dir='ltr'>ructum</span> <span class='ocrx_word' id='word_1_334' title='bbox 722 3653 753 3704; x_wconf 87' lang='lat' dir='ltr'>de</span> <span class='ocrx_word' id='word_1_335' title='bbox 773 3670 838 3721; x_wconf 90' lang='lat' dir='ltr'>capa</span> <span class='ocrx_word' id='word_1_336' title='bbox 856 3654 961 3710; x_wconf 78' lang='lat' dir='ltr'>Gentilia</span> <span class='ocrx_word' id='word_1_337' title='bbox 985 3659 1040 3712; x_wconf 87' lang='lat' dir='ltr'>coll.</span> <span class='ocrx_word' id='word_1_338' title='bbox 1059 3661 1110 3712; x_wconf 86' lang='lat' dir='ltr'>Cic.</span> <span class='ocrx_word' id='word_1_339' title='bbox 1123 3662 1140 3714; x_wconf 88' lang='lat' dir='ltr'>l.</span> <span class='ocrx_word' id='word_1_340' title='bbox 1152 3663 1176 3714; x_wconf 83' lang='lat' dir='ltr'>d.</span> <span class='ocrx_word' id='word_1_341' title='bbox 1189 3663 1231 3729; x_wconf 77' lang='lat' dir='ltr'>nt,</span> <span class='ocrx_word' id='word_1_342' title='bbox 1245 3664 1286 3729; x_wconf 74' lang='lat' dir='ltr'>aa,</span> <span class='ocrx_word' id='word_1_343' title='bbox 1304 3671 1392 3716; x_wconf 88' lang='lat' dir='ltr'>ructus</span> 
     </span>
     <span class='ocr_line' id='line_1_38' title="bbox 283 3728 1391 3812; baseline 0.014 -31"><span class='ocrx_word' id='word_1_344' title='bbox 283 3728 375 3782; x_wconf 78' lang='lat' dir='ltr'>feudos</span> <span class='ocrx_word' id='word_1_345' title='bbox 388 3731 428 3785; x_wconf 87' lang='lat' dir='ltr'><em>W</em></span> <span class='ocrx_word' id='word_1_346' title='bbox 426 3749 534 3801; x_wconf 72' lang='lat' dir='ltr'>werae,</span> <span class='ocrx_word' id='word_1_347' title='bbox 547 3735 628 3786; x_wconf 86' lang='lat' dir='ltr'>rietus</span> <span class='ocrx_word' id='word_1_348' title='bbox 640 3735 751 3802; x_wconf 76' lang='lat' dir='ltr'>spumam</span> <span class='ocrx_word' id='word_1_349' title='bbox 763 3736 930 3803; x_wconf 56' lang='lat' dir='ltr'>liutpertus,</span> <span class='ocrx_word' id='word_1_350' title='bbox 943 3748 1031 3792; x_wconf 85' lang='lat' dir='ltr'>ructus</span> <span class='ocrx_word' id='word_1_351' title='bbox 1046 3743 1155 3808; x_wconf 86' lang='lat' dir='ltr'>suspiria</span> <span class='ocrx_word' id='word_1_352' title='bbox 1167 3745 1196 3798; x_wconf 86' lang='lat' dir='ltr'><em>V</em></span> <span class='ocrx_word' id='word_1_353' title='bbox 1196 3747 1288 3812; x_wconf 64' lang='lat' dir='ltr'>eadm,</span> <span class='ocrx_word' id='word_1_354' title='bbox 1303 3753 1391 3797; x_wconf 87' lang='lat' dir='ltr'>ructus</span> 
     </span>
     <span class='ocr_line' id='line_1_39' title="bbox 283 3811 1392 3885; baseline 0.019 -24"><span class='ocrx_word' id='word_1_355' title='bbox 283 3825 388 3876; x_wconf 84' lang='lat' dir='ltr'>poenam</span> <span class='ocrx_word' id='word_1_356' title='bbox 409 3811 554 3885; x_wconf 71' lang='lat' dir='ltr'>Letaepiua</span> <span class='ocrx_word' id='word_1_357' title='bbox 575 3816 629 3868; x_wconf 80' lang='lat' dir='ltr'>coll.</span> <span class='ocrx_word' id='word_1_358' title='bbox 650 3817 716 3869; x_wconf 78' lang='lat' dir='ltr'>Pla‘n.</span> <span class='ocrx_word' id='word_1_359' title='bbox 738 3815 824 3870; x_wconf 84' lang='lat' dir='ltr'>xxm</span> <span class='ocrx_word' id='word_1_360' title='bbox 848 3819 873 3884; x_wconf 82' lang='lat'>2,</span> <span class='ocrx_word' id='word_1_361' title='bbox 900 3821 941 3885; x_wconf 80' lang='lat'>59,</span> <span class='ocrx_word' id='word_1_362' title='bbox 968 3829 1057 3874; x_wconf 86' lang='lat' dir='ltr'>ructus</span> <span class='ocrx_word' id='word_1_363' title='bbox 1078 3823 1213 3876; x_wconf 79' lang='lat' dir='ltr'>homonem</span> <span class='ocrx_word' id='word_1_364' title='bbox 1241 3827 1392 3880; x_wconf 69' lang='lat' dir='ltr'>hildebran-</span> 
     </span>
     <span class='ocr_line' id='line_1_40' title="bbox 283 3891 1391 3977; baseline 0.015 -34"><span class='ocrx_word' id='word_1_365' title='bbox 283 3891 342 3944; x_wconf 77' lang='lat' dir='ltr'>dina</span> <span class='ocrx_word' id='word_1_366' title='bbox 373 3891 384 3962; x_wconf 90' lang='grc' dir='ltr'>Ι</span> <span class='ocrx_word' id='word_1_367' title='bbox 422 3896 438 3946; x_wconf 90' lang='grc'>9</span> <span class='ocrx_word' id='word_1_368' title='bbox 462 3896 606 3962; x_wconf 74' lang='lat' dir='ltr'>abligurriit</span> <span class='ocrx_word' id='word_1_369' title='bbox 630 3900 734 3968; x_wconf 73' lang='lat' dir='ltr'>scripsi:</span> <span class='ocrx_word' id='word_1_370' title='bbox 760 3899 912 3964; x_wconf 75' lang='lat' dir='ltr'>abligurrait</span> <span class='ocrx_word' id='word_1_371' title='bbox 936 3901 990 3972; x_wconf 75' lang='lat' dir='ltr'>up,</span> <span class='ocrx_word' id='word_1_372' title='bbox 1015 3903 1177 3969; x_wconf 72' lang='lat' dir='ltr'>abligurriuit</span> <span class='ocrx_word' id='word_1_373' title='bbox 1193 3906 1216 3959; x_wconf 90' lang='lat' dir='ltr'>V</span> <span class='ocrx_word' id='word_1_374' title='bbox 1247 3905 1258 3977; x_wconf 95' lang='grc' dir='ltr'>Ι</span> <span class='ocrx_word' id='word_1_375' title='bbox 1292 3908 1324 3959; x_wconf 85' lang='grc'>10</span> <span class='ocrx_word' id='word_1_376' title='bbox 1348 3923 1391 3959; x_wconf 83' lang='lat' dir='ltr'>ea-</span> 
     </span>
     <span class='ocr_line' id='line_1_41' title="bbox 283 3972 1391 4055; baseline 0.015 -34"><span class='ocrx_word' id='word_1_377' title='bbox 283 3972 417 4040; x_wconf 85' lang='lat' dir='ltr'>lumpniam</span> <span class='ocrx_word' id='word_1_378' title='bbox 429 3993 452 4043; x_wconf 87' lang='grc' dir='ltr'><strong><em>φ</em></strong></span> <span class='ocrx_word' id='word_1_379' title='bbox 474 3975 486 4045; x_wconf 92' lang='grc' dir='ltr'>Ι</span> <span class='ocrx_word' id='word_1_380' title='bbox 511 3978 542 4028; x_wconf 83' lang='lat'>12</span> <span class='ocrx_word' id='word_1_381' title='bbox 554 3992 612 4028; x_wconf 89' lang='lat' dir='ltr'>num</span> <span class='ocrx_word' id='word_1_382' title='bbox 624 3977 678 4048; x_wconf 74' lang='grc' dir='ltr'>11φ,</span> <span class='ocrx_word' id='word_1_383' title='bbox 691 3993 746 4029; x_wconf 83' lang='lat' dir='ltr'>nam</span> <span class='ocrx_word' id='word_1_384' title='bbox 759 3995 776 4030; x_wconf 84' lang='lat' dir='ltr'>v</span> <span class='ocrx_word' id='word_1_385' title='bbox 790 3981 794 4046; x_wconf 96' lang='grc' dir='ltr'>Ι</span> <span class='ocrx_word' id='word_1_386' title='bbox 810 3979 933 4034; x_wconf 80' lang='lat' dir='ltr'>nummim</span> <span class='ocrx_word' id='word_1_387' title='bbox 944 3983 1112 4038; x_wconf 72' lang='lat' dir='ltr'>Carmelum</span> <span class='ocrx_word' id='word_1_388' title='bbox 1127 3985 1138 4055; x_wconf 94' lang='grc' dir='ltr'>Ι</span> <span class='ocrx_word' id='word_1_389' title='bbox 1157 3988 1188 4039; x_wconf 87' lang='grc'>14</span> <span class='ocrx_word' id='word_1_390' title='bbox 1200 3988 1391 4040; x_wconf 79' lang='lat' dir='ltr'>denunciatione</span> 
     </span>
     <span class='ocr_line' id='line_1_42' title="bbox 282 4052 1390 4138; baseline 0.018 -37"><span class='ocrx_word' id='word_1_391' title='bbox 282 4067 311 4102; x_wconf 88' lang='lat' dir='ltr'>v:</span> <span class='ocrx_word' id='word_1_392' title='bbox 325 4052 537 4110; x_wconf 81' lang='lat' dir='ltr'>denuntiationem</span> <span class='ocrx_word' id='word_1_393' title='bbox 549 4057 672 4111; x_wconf 71' lang='grc' dir='ltr'><em>Ρνίοαεω</em></span> <span class='ocrx_word' id='word_1_394' title='bbox 688 4057 698 4129; x_wconf 90' lang='grc' dir='ltr'>Ι</span> <span class='ocrx_word' id='word_1_395' title='bbox 721 4060 753 4111; x_wconf 89' lang='grc'>16</span> <span class='ocrx_word' id='word_1_396' title='bbox 765 4063 970 4132; x_wconf 86' lang='lat' dir='ltr'>contempnebam</span> <span class='ocrx_word' id='word_1_397' title='bbox 982 4063 1027 4138; x_wconf 82' lang='grc' dir='ltr'>φΙ</span> <span class='ocrx_word' id='word_1_398' title='bbox 1046 4066 1077 4116; x_wconf 83' lang='lat'>17</span> <span class='ocrx_word' id='word_1_399' title='bbox 1094 4066 1169 4117; x_wconf 87' lang='lat' dir='ltr'>adlici</span> <span class='ocrx_word' id='word_1_400' title='bbox 1181 4071 1284 4138; x_wconf 77' lang='lat' dir='ltr'>scripsi:</span> <span class='ocrx_word' id='word_1_401' title='bbox 1301 4070 1390 4120; x_wconf 88' lang='lat' dir='ltr'>damno</span> 
     </span>
     <span class='ocr_line' id='line_1_43' title="bbox 283 4129 1390 4217; baseline 0.018 -37"><span class='ocrx_word' id='word_1_402' title='bbox 283 4129 350 4182; x_wconf 83' lang='lat' dir='ltr'>oillei</span> <span class='ocrx_word' id='word_1_403' title='bbox 362 4143 388 4186; x_wconf 88' lang='lat' dir='ltr'>et</span> <span class='ocrx_word' id='word_1_404' title='bbox 401 4135 442 4187; x_wconf 88' lang='lat' dir='ltr'>Cr.</span> <span class='ocrx_word' id='word_1_405' title='bbox 458 4151 478 4200; x_wconf 78' lang='grc' dir='ltr'>ς,</span> <span class='ocrx_word' id='word_1_406' title='bbox 501 4137 589 4190; x_wconf 86' lang='lat' dir='ltr'>damna</span> <span class='ocrx_word' id='word_1_407' title='bbox 604 4140 630 4191; x_wconf 93' lang='lat' dir='ltr'>id</span> <span class='ocrx_word' id='word_1_408' title='bbox 642 4138 719 4193; x_wconf 80' lang='lat' dir='ltr'>lactet</span> <span class='ocrx_word' id='word_1_409' title='bbox 731 4141 773 4195; x_wconf 86' lang='lat' dir='ltr'>Cr.</span> <span class='ocrx_word' id='word_1_410' title='bbox 786 4143 816 4208; x_wconf 75' lang='lat' dir='ltr'>F,</span> <span class='ocrx_word' id='word_1_411' title='bbox 834 4144 922 4210; x_wconf 74' lang='lat' dir='ltr'>(lampa</span> <span class='ocrx_word' id='word_1_412' title='bbox 938 4145 963 4196; x_wconf 87' lang='lat' dir='ltr'>id</span> <span class='ocrx_word' id='word_1_413' title='bbox 980 4144 1056 4198; x_wconf 79' lang='lat' dir='ltr'>faciet</span> <span class='ocrx_word' id='word_1_414' title='bbox 1069 4145 1115 4198; x_wconf 79' lang='lat' dir='ltr'>Cr.</span> <span class='ocrx_word' id='word_1_415' title='bbox 1134 4165 1166 4217; x_wconf 86' lang='grc' dir='ltr'>φ,</span> <span class='ocrx_word' id='word_1_416' title='bbox 1190 4150 1279 4201; x_wconf 88' lang='lat' dir='ltr'>damna</span> <span class='ocrx_word' id='word_1_417' title='bbox 1300 4151 1325 4202; x_wconf 91' lang='lat' dir='ltr'>id</span> <span class='ocrx_word' id='word_1_418' title='bbox 1341 4149 1390 4202; x_wconf 83' lang='lat' dir='ltr'>iaci</span> 
     </span>
     <span class='ocr_line' id='line_1_44' title="bbox 283 4211 1390 4298; baseline 0.018 -36"><span class='ocrx_word' id='word_1_419' title='bbox 283 4217 310 4262; x_wconf 85' lang='lat' dir='ltr'>et</span> <span class='ocrx_word' id='word_1_420' title='bbox 321 4211 362 4264; x_wconf 83' lang='lat' dir='ltr'>Gr.</span> <span class='ocrx_word' id='word_1_421' title='bbox 376 4214 411 4266; x_wconf 81' lang='lat' dir='ltr'>Va</span> <span class='ocrx_word' id='word_1_422' title='bbox 428 4216 510 4274; x_wconf 79' lang='lat' dir='ltr'>damni</span> <span class='ocrx_word' id='word_1_423' title='bbox 522 4216 546 4268; x_wconf 89' lang='lat' dir='ltr'>id</span> <span class='ocrx_word' id='word_1_424' title='bbox 562 4217 648 4270; x_wconf 82' lang='lat' dir='ltr'>faeere</span> <span class='ocrx_word' id='word_1_425' title='bbox 660 4221 873 4291; x_wconf 68' lang='lat' dir='ltr'>Lindendaopiar,</span> <span class='ocrx_word' id='word_1_426' title='bbox 885 4226 973 4282; x_wconf 86' lang='lat' dir='ltr'>damno</span> <span class='ocrx_word' id='word_1_427' title='bbox 986 4227 1012 4278; x_wconf 90' lang='lat' dir='ltr'>id</span> <span class='ocrx_word' id='word_1_428' title='bbox 1027 4226 1112 4287; x_wconf 72' lang='lat' dir='ltr'>neore</span> <span class='ocrx_word' id='word_1_429' title='bbox 1124 4228 1238 4284; x_wconf 75' lang='lat' dir='ltr'>Borecba</span> <span class='ocrx_word' id='word_1_430' title='bbox 1261 4228 1271 4298; x_wconf 94' lang='grc' dir='ltr'>Ι</span> <span class='ocrx_word' id='word_1_431' title='bbox 1296 4230 1328 4284; x_wconf 85' lang='grc'>18</span> <span class='ocrx_word' id='word_1_432' title='bbox 1345 4247 1390 4282; x_wconf 87' lang='lat' dir='ltr'>oe-</span> 
     </span>
     <span class='ocr_line' id='line_1_45' title="bbox 282 4289 1427 4382; baseline 0.021 -40"><span class='ocrx_word' id='word_1_433' title='bbox 282 4289 351 4344; x_wconf 85' lang='lat' dir='ltr'>culto</span> <span class='ocrx_word' id='word_1_434' title='bbox 365 4293 542 4350; x_wconf 66' lang='lat' dir='ltr'>amaeam</span> <span class='ocrx_word' id='word_1_435' title='bbox 555 4299 656 4354; x_wconf 79' lang='lat' dir='ltr'>occulta</span> <span class='ocrx_word' id='word_1_436' title='bbox 667 4299 730 4370; x_wconf 67' lang='lat' dir='ltr'>Fau</span> <span class='ocrx_word' id='word_1_437' title='bbox 750 4300 762 4371; x_wconf 92' lang='grc' dir='ltr'>Ι</span> <span class='ocrx_word' id='word_1_438' title='bbox 784 4305 818 4359; x_wconf 80' lang='lat'>20</span> <span class='ocrx_word' id='word_1_439' title='bbox 830 4306 1047 4372; x_wconf 85' lang='lat' dir='ltr'>depreciatoribus</span> <span class='ocrx_word' id='word_1_440' title='bbox 1058 4309 1183 4366; x_wconf 64' lang='lat' dir='ltr'>arantur</span> <span class='ocrx_word' id='word_1_441' title='bbox 1199 4310 1204 4380; x_wconf 96' lang='grc' dir='ltr'>Ι</span> <span class='ocrx_word' id='word_1_442' title='bbox 1219 4311 1332 4378; x_wconf 83' lang='lat' dir='ltr'>Raphiae</span> <span class='ocrx_word' id='word_1_443' title='bbox 1342 4331 1365 4382; x_wconf 82' lang='grc' dir='ltr'><strong><em>φ</em></strong></span> <span class='ocrx_word' id='word_1_444' title='bbox 1377 4313 1389 4382; x_wconf 93' lang='grc' dir='ltr'>Ι</span> <span class='ocrx_word' id='word_1_445' title='bbox 1423 4327 1427 4332; x_wconf 88' lang='grc'><em>·</em></span> 
     </span>
    </p>
   </div>
   <div class='ocr_carea' id='block_1_8' title="bbox 0 0 1620 5028">
    <p class='ocr_par' dir='ltr' id='par_1_9' title="bbox 0 0 1620 5028">
     <span class='ocr_line' id='line_1_46' title="bbox 0 0 1620 5028; baseline 0 2"><span class='ocrx_word' id='word_1_446' title='bbox 0 0 1620 5028; x_wconf 95' lang='lat' dir='ltr'> </span> 
     </span>
    </p>
   </div>
  </div>
 </body>
</html>
