3226 5026
693 467 879 525 eumaem·
1305 475 1326 538 9

145 560 188 606 na
204 561 307 604 oenone
1300 559 1390 604 rmoaa.
1405 561 1467 607 esa.

217 628 340 692 omnino
354 625 503 710 promoui,
519 625 618 709 potius
633 645 720 708 spero
737 645 825 708 quam
839 632 967 710 praesto.
997 645 1068 690 sane
1082 626 1217 708 quidem,
1233 627 1258 690 si
1271 646 1326 690 ue-

215 751 284 797 rum
299 739 359 806 est,
381 731 460 812 quod
477 729 603 794 Statium
618 728 773 818 Gaeeilium
791 730 823 791 in
836 731 899 794 suis
913 731 1098 813 poematibus
1112 731 1265 814 scripsisse
1279 730 1326 794 di-

216 841 293 910 eant,
308 833 507 896 innocentiam
521 833 718 913 eloquentiam
733 851 812 895 esse:
828 853 882 914 ego
897 851 969 896 uero
985 833 1129 914 profiteor-
1140 833 1196 896 ista
1212 834 1326 897 ratione

215 957 250 1000 eo
269 937 416 1020 praeiere,
436 955 484 998 me
503 935 615 998 nemini
630 936 764 998 omnium
780 936 815 997 de
830 935 996 1017 eloquentia
1010 952 1230 1008 concessurum.
1260 936 1326 1018 quis

180 1051 196 1104 5
216 1040 296 1102 enim
312 1058 362 1101 me
375 1040 433 1102 hoo
448 1038 567 1120 quidem
580 1045 666 1120 paeto
682 1038 866 1118 eloquentior
878 1039 974 1114 uiuat,
995 1039 1104 1120 quippe
1117 1040 1168 1119 qui
1181 1039 1254 1102 nihil
1267 1057 1325 1102 un·

217 1161 306 1223 quam
326 1140 465 1222 cogitaui,
490 1140 571 1221 quod
585 1141 682 1222 eloqui
695 1157 758 1203 non
772 1139 934 1204 auderem?
956 1141 1084 1204 eundem
1097 1160 1146 1203 me
1160 1141 1206 1204 aio
1220 1142 1325 1204 lanuu-

217 1229 372 1306 dissimum
387 1261 467 1320 esse3
485 1261 555 1306 nam
570 1259 659 1306 omne
672 1250 825 1324 peecatum
839 1261 957 1326 semper
969 1239 1061 1331 nelias
1075 1244 1179 1306 habui:
1197 1245 1324 1306 eundem

216 1345 453 1422 disertissimum,
469 1346 550 1426 quod
564 1347 679 1408 nullum
693 1365 794 1408 meum
808 1346 920 1410 laetum
934 1349 982 1410 uel
993 1348 1104 1411 dietum
1114 1353 1201 1422 extet,
1216 1347 1253 1410 de
1264 1365 1324 1427 quo

217 1448 359 1512 disserere
378 1437 494 1532 publioe
515 1467 579 1526 nou
595 1449 710 1531 possim
728 1448 782 1524 ila,
808 1456 842 1511 ut
861 1449 920 1510 iam
939 1450 975 1511 de
992 1450 1128 1514 uersibus
1151 1450 1325 1526 dissertabo,

159 1531 294 1640 ‘1³3¹'quos
307 1571 326 1612 a
339 1569 389 1615 me
401 1551 495 1614 laotos
511 1551 594 1632 quasi
608 1552 762 1632 pudendos
776 1553 972 1632 protuleram,
988 1573 1058 1616 oum
1072 1554 1190 1634 quidem
1201 1572 1250 1615 me
1260 1554 1326 1616 ani-

217 1654 400 1744 maduertisti
411 1673 479 1718 eum
490 1654 553 1717 risu
563 1654 620 1716 illis
634 1662 866 1730 succensentem,
883 1656 963 1736 quod
977 1675 1029 1718 eos
1043 1656 1154 1720 absone
1169 1663 1198 1720 et
1208 1656 1326 1720 indocto

216 1757 451 1840 pronuntiarent.

299 1860 401 1924 Primo
419 1860 510 1941 ipsu
524 1860 658 1941 legerunt
672 1877 691 1922 e
703 1859 822 1923 ludicris
836 1861 911 1943 meis
926 1861 1094 1942 epistolium
1109 1863 1145 1924 do
1160 1859 1323 1925 dentifricio
1342 1877 1377 1932 v1

215 1961 352 2028 uersibus
372 1963 516 2045 seriptum
533 1963 570 2024 ad
592 1962 738 2044 quendam
753 1962 996 2046 Calpurnianum,
1018 1965 1068 2046 qui
1081 1983 1150 2028 eum
1165 1965 1323 2028 aduersum

163 2075 195 2129 15
215 2086 264 2128 me
283 2085 334 2128 eas
351 2066 449 2130 literas
463 2072 628 2148 promeret,
648 2082 711 2129 non
725 2065 799 2128 uidit
813 2067 946 2148 proiecto
962 2067 1119 2148 eupiditate
1132 2067 1278 2142 laedendi,
1298 2066 1324 2130 si

216 2168 285 2249 quid
297 2169 372 2232 milri
384 2188 420 2232 ex
433 2169 490 2232 illis
504 2169 589 2232 fieret
601 2167 809 2244 criminosum,
826 2169 857 2232 id
870 2169 943 2232 mihi
958 2187 1060 2234 seeum
1074 2189 1139 2234 esse
1153 2185 1322 2234 commuue.

215 2288 285 2334 nam
299 2271 408 2352 petisse
422 2291 523 2334 eume
537 2283 586 2334 me
600 2270 709 2352 aliquid
723 2272 815 2334 tersui
830 2271 972 2346 dentium
987 2291 1094 2336 uersus
1108 2277 1267 2340 testantur:

372 2453 374 2456 Ι
416 2374 619 2456 Calpurniano,
634 2374 724 2448 salue,
739 2375 874 2460 properis
887 2375 1032 2441 uersibus.

416 2477 494 2552 misi,
509 2484 544 2540 ut
557 2477 665 2560 petisti,
680 2445 864 2542 mundicieias
879 2477 1022 2553 uentum,

233 2721 249 2770 ‘i
267 2735 291 2773 v.
312 2720 365 2770 248
382 2720 420 2772 ed,
439 2719 512 2774 Ribb.
532 2719 591 2787 (...
609 2719 753 2773 innocentie
771 2723 953 2788 eloquentlsst).

200 2971 204 2978 ’
280 2935 479 3032 uelites
498 2982 525 3030 e
546 2981 665 3048 marm
685 2929 953 3053 eenmuiii‘iip,
971 2983 1056 3036 uene
1074 2951 1095 3033 v¹
1119 2979 1131 3049 p
1156 2983 1225 3034 eae
1246 2996 1322 3048 pree-

212 3060 268 3114 lero
285 3061 336 3114 isto
357 3059 457 3112 ratione
474 3057 580 3112 Iolure'er
604 3057 616 3129 l
645 3061 763 3116 eneoev
785 3061 790 3130 Ι
813 3065 960 3118 maninus
979 3067 1006 3116 io
1022 3063 1043 3118 l'
1061 3077 1156 3134 rasura
1179 3062 1185 3130 Ι
1212 3063 1324 3132 niohilqr

212 3193 223 3264 ll
248 3193 538 3246 Sdlmrtissimn“...l⁴¹
569 3193 582 3265 l
605 3205 705 3266 exseq
731 3195 743 3266 fl
766 3143 981 3269 tlddiseimip?
997 3198 1112 3250 elisei-ere
1132 3213 1150 3250 v
1176 3196 1182 3266 l
1213 3197 1321 3264 possim]

212 3277 330 3343 septeno·
348 3275 414 3328 toll
435 3291 530 3329 mura
555 3274 564 3344 Ι
588 3275 703 3342 isdem
723 3282 760 3332 eie
781 3279 1019 3348 quaemteoeduot
1036 3281 1171 3335 cosmed
1187 3279 1293 3332 leem
1319 3277 1324 3348 Ι

213 3353 330 3488 dorsilus
342 3409 373 3476 F,
390 3366 508 3464 ndrsibus
521 3428 544 3481 φ
570 3411 576 3478 Ι
601 3413 729 3469 disertelro
742 3431 759 3468 v
777 3413 789 3486 ll
810 3416 839 3468 11
856 3423 1046 3471 susoensentem
1058 3413 1088 3482 F,
1101 3371 1323 3482 soioensentemep
1370 3425 1372 3429 ·

221 3543 232 3614 l
250 3546 282 3598 12
296 3547 494 3614 pronunciarent
502 3562 543 3616 pv
567 3545 579 3616 fl
606 3548 637 3600 13
651 3507 795 3615 dentifrigiio
808 3551 838 3618 F,
856 3550 999 3618 dentilrigio
1017 3567 1040 3622 φ
1064 3549 1120 3620 i¹4
1136 3552 1266 3620 quemdam
1277 3567 1294 3602 v
1319 3549 1324 3619 Ι

255 3638 286 3668 Π

212 3680 437 3752 Calpunianumopt
451 3683 771 3750 pontemtremulum
791 3684 801 3754 ΙΙ
815 3687 846 3738 15
863 3688 964 3739 litteras
976 3705 993 3740 v
1020 3686 1024 3753 Ι
1054 3686 1144 3738 inuidit
1155 3685 1186 3750 F,
1198 3701 1248 3736 non
1259 3685 1324 3736 uidit

211 3776 253 3832 φν
264 3759 276 3830 ΙΙ
289 3762 322 3812 16
337 3761 424 3813 malim
437 3763 484 3814 sibi
493 3778 589 3816 meeum
601 3763 611 3834 [l
625 3765 657 3816 17
669 3766 779 3820 dentium
792 3785 813 3833 ς,
826 3767 942 3820 dentibus
959 3768 1028 3838 FrpV
1040 3765 1051 3836 ΙΙ
1065 3768 1118 3820 18-
1124 3783 1151 3836 p.
1159 3767 1220 3832 tue
1231 3782 1323 3821 versuo

211 3842 331 3911 dispono·
349 3842 528 3897 Oasooeooem
544 3849 571 3897 et
586 3845 723 3912 Prioamm
735 3853 852 3902 aeonius.-
874 3851 903 3901 in
915 3849 936 3900 F
956 3854 982 3901 et
993 3867 1016 3918 φ
1029 3851 1108 3901 verbo
1123 3848 1180 3898 misi
1193 3863 1275 3914 usque
1289 3847 1325 3900 ad

210 3923 294 3976 uideri
309 3923 404 3978 dosunt
417 3930 478 3994 peel
493 3927 622 3993 uersibus,
645 3933 768 3982 semler
787 3934 875 3984 aulem
888 3935 980 3999 postea
999 3945 1058 3984 oum
1073 3933 1148 3998 ar'gm
1170 3933 1196 3995 b*
1208 3931 1235 3980 ia
1250 3943 1321 3982 mor-

208 4007 282 4072 [ὅκοι
303 4005 382 4073 volgo
397 4007 475 4064 mla
490 4007 538 4058 nisi
553 4005 621 4064 soree
636 4037 655 4048 -
665 4039 683 4050 —
693 4039 712 4050 -·
727 4028 807 4079 usque
822 4011 857 4064 ad
872 4012 936 4064 nolit
956 4010 1039 4062 uideri
1055 4012 1190 4080 exoptent
1204 4025 1322 4064 ameum:

211 4139 563 4206 Calpurniane--uersilos
586 4141 597 4213 ll
627 4145 657 4196 18
673 4160 690 4210 p
706 4103 805 4214 perii}l
831 4145 843 4216 i
868 4147 899 4198 19
911 4145 1025 4213 polluisti
1038 4143 1194 4215 Gruterus!
1225 4145 1322 4198 mundi-

209 4219 317 4356 {1¹:1⁵3
318 4223 459 4374 :3ng
469 4239 522 4293 pv:
535 4225 689 4280 mundioines
702 4226 814 4297 Lipsius,
825 4227 959 4284 munditias
971 4229 1016 4282 lias
1027 4225 1238 4295 determinatim
1249 4243 1332 4281 triun-v
