3232 5028
603 527 605 537 ,
711 430 881 524 monuere
1302 475 1340 538 ⁷1

153 564 196 606 Ed.
212 562 314 604 Oudend.
1141 565 1145 576 '
1315 556 1331 595 f.
1341 557 1400 597 tlte.
1415 557 1431 598 f.
1440 558 1487 598 1⁸0.

184 633 203 682 f
225 627 364 694 libentius
379 627 504 692 Rufinus
520 625 651 709 perfecit,
667 623 748 706 quod
763 629 826 686 eret
841 629 938 689 certus
953 624 1128 710 admoram
1143 641 1238 698 suem,
1254 623 1338 685 cuius

225 738 328 812 stupra
344 729 441 792 sciens
456 727 630 799 dissimulat,
645 741 707 786 non
721 723 876 786 minimam
889 732 1004 808 partem
1024 725 1146 807 praemii
1167 726 1229 788 eius
1250 723 1337 786 Cras·

226 851 294 896 sum
309 831 481 895 relaturum.
512 828 573 890 uidi
587 834 616 889 te
635 845 763 908 quoque,
782 826 916 901 Maxime,
936 828 1094 889 coitionem
1116 828 1275 889 aduersum
1290 844 1338 890 me

229 941 257 996 et
268 933 503 1002 coniurationem
519 949 624 994 eorum
638 949 693 1010 pro
704 937 756 990 tua
766 929 907 1010 sapientia
917 930 1109 1009 suspicatum,
1123 929 1212 992 simul
1223 911 1338 992 libellus

191 1036 275 1101 bille
294 1035 427 1118 prolatus
446 1039 501 1106 est,
526 1039 620 1096 totam
638 1049 702 1092 rem
727 1030 813 1098 uultu
837 1037 1055 1111 aspernantem.
1087 1031 1212 1111 denique
1233 1047 1338 1109 quam-

155 1164 213 1216 (m)
229 1155 317 1218 quam
329 1134 524 1198 sunticsolita
539 1133 658 1196 audacia
671 1139 701 1194 et
712 1131 882 1212 importuna
896 1132 1079 1215 impudentia
1092 1133 1224 1215 praediti,
1238 1139 1339 1193 tamen

136 1273 139 1280 .
228 1238 431 1304 testimonium
446 1235 553 1312 Crassi,
569 1233 652 1296 cuius
668 1233 817 1298 oboluisse
832 1220 1105 1309 faecemuidebant,
1128 1253 1183 1296 nec
1203 1233 1260 1315 ipsi
1274 1229 1337 1294 ausi

226 1346 297 1403 sunt
310 1340 460 1420 perlegere
475 1356 530 1399 nec
545 1337 700 1416 quicquam
722 1356 756 1397 eo
777 1337 840 1409 niti.
876 1354 982 1398 uerum
1001 1331 1014 1422 ΙΙ
1034 1355 1087 1416 ego
1107 1337 1162 1398 ista
1181 1343 1338 1419 propterea
1351 1357 1437 1398 errae.

226 1439 469 1512 commemoraui,
489 1456 552 1499 non
571 1437 650 1518 quod
670 1437 829 1517 pinnarum
843 1438 1017 1500 formidines
1038 1446 1067 1499 et
1084 1437 1213 1518 fuliginis
1234 1453 1336 1499 macu-

175 1563 206 1616 10
226 1544 285 1621 lam
295 1549 324 1603 te
335 1538 509 1622 praesertim
519 1538 614 1601 iudice
624 1538 769 1613 timerem,
785 1539 837 1601 sed
849 1545 882 1600 ut
892 1557 930 1600 ne
941 1538 1120 1620 impunitum
1131 1539 1208 1603 foret
1219 1537 1335 1612 Crasso,
1392 1555 1405 1570 ·

228 1643 308 1724 quod
321 1642 494 1715 Aemiliano,
509 1639 624 1701 bomini
637 1638 759 1713 rustico,
774 1639 892 1702 mmum
907 1641 1047 1703 uendidit.
1075 1701 1079 1710 ,

311 1742 383 1808 Inde
409 1744 496 1806 etiam
517 1742 629 1804 crimen
649 1739 771 1814 abillis,
791 1761 860 1802 cum
879 1741 1060 1806 Pudentillae
1079 1743 1177 1806 literas
1198 1742 1336 1822 legerent,
1354 1755 1413 1808 Lx}

156 1874 213 1930 (spo)
227 1850 264 1910 de
283 1847 436 1910 cuiusdam
457 1845 543 1924 sigilli
562 1842 752 1905 fabricatione
773 1837 932 1924 prollatum
951 1852 1005 1920 est,
1033 1845 1112 1925 quod
1131 1863 1179 1905 me
1198 1844 1280 1905 aiunt
1300 1843 1337 1904 ad

226 1949 339 2030 magica
357 1947 498 2012 maleficia
520 1946 634 2008 occulta
652 1945 762 2008 fabrica
784 1945 864 2024 ligno
889 1946 1117 2028 exqarisitissimo
1137 1959 1335 2026 comparasse,

174 2053 207 2108 1⁵
228 2059 257 2114 ct
272 2071 341 2114 cum
356 2051 394 2112 sit
408 2048 505 2111 sceleti
519 2048 617 2110 forma
636 2055 721 2130 turpe
737 2055 767 2107 et
780 2048 930 2124 horribile,
950 2057 1051 2112 tamen
1069 2049 1218 2129 impendio
1240 2048 1336 2110 colere

155 2122 213 2176 (Μ)
228 2161 257 2216 et
272 2153 381 2216 Graeco
397 2149 541 2213 uocabulo
555 2141 699 2230 βασιλέα
714 2166 894 2228 nuncupare.
924 2150 980 2212 nisi
993 2151 1089 2226 fallor,
1109 2150 1212 2213 ordine
1233 2165 1337 2210 eorum

227 2255 349 2334 uestigia
362 2269 532 2334 persequar,
554 2257 582 2312 et
602 2250 770 2330 singillatim
789 2249 1012 2332 apprehendens
1033 2270 1153 2316 omnem
1174 2249 1335 2313 calumniae

226 2363 339 2420 textum
354 2363 464 2416 retexo.

312 2457 433 2521 Occulta
446 2453 537 2517 fuisse
551 2453 702 2516 fabricatio
724 2451 817 2534 sigilli,
839 2453 918 2536 quod
935 2453 1039 2530 dicitis,
1061 2454 1110 2540 qui
1125 2459 1233 2538 potest,
1252 2451 1345 2515 cuius

156 2550 214 2669 (ἐξ)
228 2581 284 2624 nos
300 2560 372 2623 adeo
387 2557 528 2620 artificem
542 2574 605 2619 non
618 2556 784 2636 ignorastis,
800 2565 834 2619 ut
847 2557 884 2632 ei,
898 2563 1016 2638 praesto
1031 2564 1065 2620 ut
1080 2558 1204 2630 adesset,
1220 2555 1335 2618 denun-

225 2658 390 2731 tiaueritis?
413 2678 451 2724 en
466 2659 548 2722 adest
563 2659 715 2722 Cornelius
732 2659 909 2724 Saturninus
923 2657 1035 2734 artifex,
1057 2659 1105 2723 uir
1123 2659 1201 2722 inter
1215 2676 1286 2720 suos
1307 2662 1336 2717 et

226 2775 287 2835 arte
302 2765 435 2829 laudatus
451 2769 480 2825 et
494 2761 628 2825 moribus
643 2759 863 2842 comprobatus,
880 2761 930 2852 qui
943 2761 1005 2838 tibi,
1020 2761 1154 2836 Maxime,
1169 2761 1256 2844 paulo
1269 2766 1336 2822 ante

226 2871 378 2951 diligenter
400 2861 559 2928 sciscitanti
578 2880 699 2924 omnem
720 2863 855 2924 ordinem
874 2870 972 2944 gestae
990 2864 1032 2926 rei
1053 2882 1171 2928 summa
1190 2880 1259 2926 cum
1279 2861 1336 2923 tide

227 2980 257 3036 et
274 2970 397 3034 ueritate
421 2963 604 3048 percensuit:
635 2982 694 3037 mc,
719 2981 788 3026 cum
813 2964 891 3044 apud
918 2983 987 3025 eum
1011 2966 1119 3026 multas
1144 2963 1336 3045 geometricas

173 3087 207 3140 25
226 3076 339 3140 formas
354 3090 370 3132 e
386 3069 462 3130 buxo
477 3065 618 3128 mdissem
633 3064 777 3131 subtiliter
795 3071 825 3126 et
839 3063 958 3126 adfabre
976 3065 1077 3138 factas,
1096 3065 1254 3126 inuitatum
1273 3063 1336 3126 eius

227 3175 349 3240 artificio
370 3169 513 3250 quaedam
533 3165 703 3227 mechanica
721 3172 755 3227 ut
773 3165 846 3228 mihi
867 3163 1046 3226 elaborasset
1065 3164 1184 3246 petisse,
1205 3164 1337 3226 simulet

227 3274 344 3358 aliquod
359 3271 550 3334 simulacrum
565 3267 765 3346 cuiuscunque
780 3266 868 3328 uellet
882 3264 938 3340 dei,
959 3264 1006 3328 cui
1026 3283 1062 3328 ex
1080 3283 1165 3329 more
1180 3284 1247 3328 meo
1263 3283 1335 3346 sup-

296 3533 312 3586 3
336 3529 531 3595 cohitioncmp
563 3523 575 3593 p
606 3525 809 3590 tqumquamv
841 3517 851 3590 ΙΙ
880 3520 1009 3574 dinsollta
1025 3519 1142 3575 letatum
1164 3521 1240 3574 solita
1257 3517 1336 3591 FpV,

229 3617 315 3668 soluta
341 3630 355 3670 ς
396 3609 406 3678 ΙΙ
449 3610 464 3660 'l
495 3605 666 3658 testimonium
691 3603 803 3655 Celsius:
835 3602 978 3655 testimonio
1007 3603 1081 3673 npv:
1110 3603 1254 3656 testimonio
1283 3599 1336 3664 Cr,

229 3697 287 3765 quia
307 3695 361 3744 eius
382 3689 451 3742 obol.
471 3686 490 3739 f.
511 3687 562 3738 uid
584 3678 699 3738 Boeceda
727 3683 738 3754 l
766 3683 1031 3748 commemorante
1055 3687 1083 3737 in
1103 3699 1198 3737 rasura
1217 3699 1235 3737 a
1257 3697 1337 3732 macru

141 3813 144 3821 ’
228 3841 333 3898 pam.
358 3822 369 3893 Ι
394 3824 426 3875 10
444 3820 541 3874 toul
558 3825 640 3889 supra
655 3835 706 3874 cer.
722 3836 739 3870 a
754 3834 834 3871 m
847 3835 889 3886 pr.
917 3816 922 3886 Ι
952 3791 1021 3872 fora't'
1036 3792 1150 3872 crabbum
1166 3819 1196 3883 F,
1222 3832 1336 3870 crassa·
1392 3829 1397 3836 ·

230 3908 298 3960 forst
322 3923 354 3976 φ,
383 3903 476 3955 Cresco
500 3900 569 3953 feret
591 3916 609 3953 r
648 3898 659 3968 l
696 3899 726 3951 tt
750 3899 808 3952 inde
832 3899 975 3952 Accedam
999 3900 1064 3952 unde
1084 3900 1158 3970 Fur:
1179 3915 1255 3951 unum
1276 3898 1337 3951 Sal-

229 3991 330 4040 madae
369 3983 379 4054 b
424 3986 456 4036 15
485 3982 576 4034 sceleti
601 3981 779 4034 &mooun
804 3980 880 4032 caleti
903 3981 977 4048 apr:
1006 3980 1091 4031 hebeti
1115 3980 1225 4046 Gobries,
1248 3981 1335 4034 colors

229 4069 349 4123 etfornra
362 4067 507 4121 Valonice
538 4060 549 4130 l
579 4062 611 4113 lb
625 4059 814 4116 BAGIAGAN
829 4061 898 4130 nov
922 4057 933 4132 b
959 4061 990 4112 ta
1003 4061 1235 4128 appraelrendenav
1260 4061 1265 4129 Ι
1291 4077 1335 4114 ca·

229 4151 375 4221 lumpniep
399 4147 409 4216 l
436 4147 469 4198 20
487 4151 590 4212 praesto
608 4149 637 4194 ut
649 4142 751 4193 adesset
767 4142 799 4208 V,
822 4151 925 4209 praesto
941 4141 947 4211 Ι
961 4143 1063 4194 iidcsset
1083 4142 1104 4195 F
1125 4145 1162 4208 (in
1182 4147 1300 4211 murgum
1318 4159 1336 4194 c

228 4251 307 4287 mmo
318 4248 359 4303 pr.
371 4245 422 4283 scr.
435 4227 454 4279 l.
466 4227 514 4293 aa),
531 4231 618 4293 presto
636 4223 789 4293 adesscmp
820 4220 825 4290 Ι
855 4223 1067 4278 denunciaueritis
1083 4241 1100 4276 v
1127 4224 1137 4295 ΙΙ
1161 4225 1192 4278 21
1211 4225 1335 4278 &turnus

228 4315 371 4372 sonorus
395 4309 406 4382 l
429 4310 461 4362 25
474 4325 488 4360 ο
500 4308 568 4360 buxo
584 4305 721 4360 Eraamw
739 4321 822 4363 euoxc
839 4307 909 4377 FrpV
930 4307 941 4378 Ι
960 4308 1061 4362 tte-tt
1075 4307 1234 4366 elaborasset
1245 4317 1330 4370 -sap
